2326 3922
104 204 170 267 576
344 215 454 261 lxnnx
476 213 809 262 osrnoonspfflcvs.

139 337 295 390 alesd'r'dss
323 338 414 386 uiliore
431 334 617 398 probistonis.
652 336 802 383 ius—ens
815 335 1045 400 peloponensis-

140 409 163 455 Τ
176 408 226 454 ἳῒὲ
260 402 511 469 pelopinsd'lltiti
544 402 894 467 pelopaeae=pelopiae
909 404 932 452 T
945 405 1024 453 641-

104 479 120 524 2
138 475 242 523 norbo„
277 471 311 521 In
327 473 501 535 ooniuyatione
513 472 581 535 quod
595 470 776 520 obseruatione
795 473 904 534 dignum
916 479 981 521 esset
991 471 1034 520 uu

136 542 296 604 repperimus
312 545 418 601 praeter
433 539 496 588 haec
510 554 609 601 pauca:
627 537 718 585 tondis
733 554 788 601 pro
807 537 912 588 tondes
933 539 989 589 ofr.
1000 538 1034 587 no

139 609 226 672 friget
237 623 286 670 pro
299 606 377 670 frigit
389 605 413 654 0
424 609 457 656 39
491 609 583 654 uomet
593 620 641 668 pro
653 606 741 654 uomit
754 604 779 654 Ο
793 607 847 656 979
864 631 892 640 -
909 606 1034 656 tenderent

137 678 154 724 i.
168 691 190 724 e.
203 673 351 724 tenderunt
363 689 411 736 pro
424 672 600 722 tetenderant
611 672 638 720 H
649 674 699 721 542
713 699 743 705 -
761 676 892 722 ooeurrit
904 677 989 723 uitione
998 686 1033 736 pro

109 791 115 799 ,
138 742 293 792 occucurrit
311 741 368 790 Pir.
386 742 410 790 5.
426 767 459 774 -
489 739 660 802 (adorsus=
673 738 789 788 adortus
805 739 902 789 11243
921 740 954 803 V)
966 765 994 778 -
1011 740 1034 788 de

138 811 278 860 contractis
289 809 463 873 perfectorum
475 808 566 870 formis
578 807 613 868 cf.
626 807 675 858 13.

208 974 249 1028 IV
286 972 348 1045 Qun
366 971 489 1025 ratione
507 986 599 1026 uooos
618 971 670 1024 uel
689 969 879 1026 coniunctae
899 971 951 1026 nol

449 1039 607 1094 seiunctae
624 1038 698 1091 sint.

106 1143 592 1211 praepositionesnominibus
608 1142 679 1190 suis
697 1140 872 1190 adnexae:
893 1139 935 1208 [de
947 1156 1033 1191 morin

138 1227 226 1274 ancyr.
246 1210 424 1259 Mommsenius
441 1207 503 1272 (Res
517 1217 605 1272 qestae
622 1210 675 1257 diui
691 1210 805 1271 Areyustr’
821 1225 851 1272 ρ,
874 1208 950 1271 145).·
970 1223 1034 1270 saepe

139 1283 206 1329 inter
231 1279 448 1341 praepositionem
471 1283 497 1324 et
519 1291 626 1341 sequens
648 1275 830 1325 substantium
856 1280 883 1325 in
912 1277 1034 1339 archetypo

141 1363 191 1397 non
207 1346 356 1409 interpunyr’
372 1349 418 1392 utto
435 1343 532 1392 dubium
551 1351 606 1399 est,·
636 1344 749 1392 cerleio
768 1345 854 1393 indice
873 1344 1002 1393 maioribus
1016 1347 1035 1390 et

139 1413 337 1465 euidentiorihus
360 1413 453 1460 litteris
475 1412 572 1474 scripto
595 1413 631 1459 itu
655 1412 747 1472 lenitur
772 1426 800 1460 u.
822 1413 837 1459 2
861 1411 966 1460 inrem
985 1410 1034 1459 ni

139 1483 171 1538 in
180 1481 265 1529 duab
273 1477 327 1544 us]
342 1479 448 1527 inststu
459 1477 556 1542 soulpa
567 1476 710 1526 abetheria
720 1477 788 1526 adte
801 1477 939 1527 adcantus
949 1477 1033 1542 pertus

138 1543 1033 1610 pertonantemexilloexteproptermesubplaustroproiatoprone

140 1614 300 1662 coelotenus
308 1611 432 1677 (H11319)
444 1613 684 1661 immemorai'isso
694 1612 864 1662 uoosbuls
875 1613 1033 1676 conposite

139 1679 367 1728 diuelluntur:
387 1681 415 1728 iu
428 1679 560 1729 domitum
574 1695 590 1728 a
602 1680 680 1728 mitto
694 1681 830 1728 attonitu
842 1696 894 1744 per
907 1683 992 1728 errent
1006 1693 1033 1726 ex

140 1761 219 1797 ousso
234 1747 283 1795 sub
298 1750 378 1794 actus
391 1746 424 1794 de
439 1752 543 1795 oretum
561 1761 643 1810 super
659 1761 718 1795 sum
736 1773 769 1780 —
784 1747 813 1794 in
827 1763 934 1797 oassum
945 1746 967 1794 T
979 1746 1033 1794 loto

139 1816 168 1864 in
179 1816 269 1863 uicem
282 1813 305 1862 T
319 1815 367 1863 102
385 1840 416 1848 -
434 1814 481 1877 qui
499 1829 615 1878 eumque
632 1815 676 1866 cui
693 1827 776 1877 quam
796 1821 862 1864 ante
880 1829 958 1879 quum
974 1826 1032 1877 quse

139 1897 202 1931 nom
216 1883 271 1930 ism
283 1896 318 1930 no
331 1896 407 1930 amor
419 1896 453 1929 ne
466 1881 521 1929 iam
534 1882 589 1930 iam
602 1896 655 1931 non
667 1880 729 1929 dum
742 1882 829 1930 etiam
842 1898 915 1932 num.
940 1881 1031 1944 psrti·

141 1950 240 1999 onlao
266 1949 434 1998 orationis
459 1950 665 1999 coniunctae
695 1963 766 1998 oum
792 1950 933 1999 uocibus
960 1962 1031 2012 quse

140 2017 372 2066 subiciuntur:
389 2017 470 2078 sique
484 2016 574 2079 siquid
586 2018 639 2065 sito
652 2017 757 2080 sipotes
770 2017 881 2066 sinimis
893 2015 969 2066 sedtn
979 2011 1030 2063 sed-

140 2097 256 2147 magnus
274 2083 375 2132 ethano
393 2083 512 2148 etfulget
529 2087 680 2133 neositotus
702 2087 804 2146 nequis
826 2087 913 2134 iamse
929 2084 1029 2146 iumpos·

140 2165 198 2200 sum
221 2154 285 2199 ante
307 2164 453 2215 anpossum
476 2152 599 2215 namquis
624 2156 784 2200 sutoentum
799 2152 934 2201 nonliouit
953 2162 1029 2214 qusn-

140 2232 223 2281 prope
247 2217 376 2266 tambeue
398 2217 516 2280 quidhoc
538 2220 672 2267 cumtraxi
694 2218 836 2268 eudomita
855 2224 1029 2283 protectos-

139 2288 215 2334 multa
232 2292 372 2347 praeterea
385 2289 427 2334 uel
437 2287 627 2335 coniuncturum
642 2291 697 2336 sine
716 2287 819 2337 ratione
832 2290 873 2337 uel
882 2289 944 2336 mute
955 2285 1028 2334 diren-

138 2359 239 2415 ptarum
252 2368 339 2404 uocum
351 2357 468 2416 ecoempla
480 2357 528 2403 soli
539 2352 639 2403 librarii
653 2380 681 2387 -
696 2369 768 2418 quem
781 2357 881 2419 quidem
894 2353 975 2404 elidro
984 2365 1027 2399 con·

140 2422 210 2469 tinus
222 2423 353 2484 scriptura
369 2426 480 2470 exarato
497 2437 566 2469 suum
600 2423 811 2483 transscripoisse
829 2423 877 2471 liae
893 2423 947 2485 ipsa
962 2434 987 2467 re
999 2419 1026 2464 ir-

141 2490 266 2552 telleqitur
285 2515 316 2522 -
334 2495 377 2537 aut
395 2490 568 2551 neyleqentiue
584 2495 628 2536 aut
645 2490 762 2538 inscitiae
779 2489 915 2539 tribuenda
931 2488 1026 2536 uidentur

140 2570 194 2604 esse
207 2559 274 2605 uelut
286 2558 363 2604 talia:
381 2555 604 2619 terhodopetulit‚
623 2554 852 2619 psllorraborem‚
872 2555 1024 2618 siquafecun·

141 2621 463 2684 dum,inhibendatameu
476 2622 695 2673 illothessalicus
708 2629 903 2688 expeototnsm
914 2617 1024 2686 tuprsedu

140 2690 259 2737 occurrit
271 2691 310 2738 ibi
324 2690 387 2750 (Hir
399 2689 457 2752 42),
475 2691 515 2738 fer
533 2690 636 2749 culum,
654 2690 812 2754 diuiduas,
834 2693 864 2740 in
880 2691 969 2748 sotius,
988 2697 1023 2733 085

139 2753 253 2880 &aaut
265 2756 314 2803 hos
328 2757 360 2803 de
374 2757 421 2818 lia,
436 2757 596 2820 phoetontia
609 2758 680 2808 dum.
696 2783 723 2792 —
740 2759 780 2808 De
797 2761 925 2810 literarum
940 2756 1022 2804 elisione

139 2835 172 2873 c.
228 2859 233 2870 .
