2326 3922
520 915 669 964 Hoeven.

104 1074 129 1121 αθ
175 1072 361 1149 Quicumque
377 1087 470 1148 regno
486 1071 549 1132 fidit
564 1079 594 1133 et
608 1088 715 1149 magna
731 1079 835 1151 potens

134 1155 301 1217 dominatur
315 1155 383 1217 aula
398 1174 455 1217 nec
468 1155 551 1218 leues
566 1158 669 1219 metuit
685 1157 756 1218 deos

134 1243 324 1320 animumque
340 1240 431 1303 rebus
445 1239 602 1302 credulum
618 1240 811 1330 Iactisuedit,

134 1343 177 1386 me
194 1326 295 1387 uideat
309 1332 340 1387 et
354 1333 384 1388 te
399 1326 506 1387 I'roia:
530 1344 590 1386 non
607 1344 749 1405 umquam
765 1325 832 1387 tulit

134 1411 309 1471 documenta
326 1410 388 1472 iors
403 1412 514 1471 maiora
530 1429 619 1492 quam
635 1409 730 1488 fragili
746 1410 812 1471 loco

133 1504 243 1556 starent
258 1495 389 1574 superbi.
420 1494 556 1557 columen
573 1514 711 1557 euersum
727 1496 835 1557 occidit

133 1572 270 1658 pollentis
285 1581 370 1641 Asiae
386 1579 522 1642 caelitum
539 1582 678 1659 egregius
693 1579 787 1641 labor.

108 1685 120 1719 a
173 1665 217 1725 Ad
235 1665 319 1725 cuius
335 1683 417 1726 arma
435 1666 517 1726 uenit
532 1667 625 1745 etqui
641 1665 781 1742 trigidum

131 1756 254 1828 septena
269 1749 382 1810 Tanain
398 1767 448 1810 ora
465 1749 643 1827 pandentem
660 1749 733 1811 bibit
876 1820 879 1825 ,

131 1842 159 1894 et
174 1836 227 1913 qui
241 1842 377 1895 renatum
393 1836 509 1912 primus
524 1835 673 1912 echpiens
689 1835 766 1896 diem

130 1918 264 1996 tepidum
279 1917 400 1979 rubenti
414 1919 518 1996 Tigrin
534 1919 671 1980 inmiscet
685 1919 762 1980 freto

130 2010 252 2082 atquae
268 2020 360 2081 uagos
374 2005 472 2064 uicina
488 2005 675 2082 prospiciens
691 2004 813 2084 Scythas

128 2088 225 2165 ripam
242 2089 371 2148 cateruis
385 2091 534 2165 ponticam
551 2089 648 2150 oiduIs
664 2089 745 2157 ierit,

132 2174 232 2233 excisa
249 2171 331 2233 terro
347 2181 400 2234 est.
431 2173 607 2251 Pergamum
624 2173 757 2234 incubuit
773 2173 843 2234 sibi.

196 2425 367 2477 uncinus
379 2425 405 2474 E
415 2425 442 2474 V
450 2427 477 2477 a‘n
488 2427 657 2491 inscriptione
675 2426 793 2479 TROAS
807 2430 832 2479 A
848 2429 909 2480 uim.
922 2432 958 2480 ad
968 2446 992 2479 n.
1007 2432 1048 2478 64.

125 2494 277 2557 refutarunt
294 2494 412 2557 Scaliper
429 2501 455 2544 et
472 2495 566 2545 Daniel
582 2495 706 2545 Heinsius
723 2499 823 2546 conlato
842 2499 991 2562 euripideoe
1007 2498 1049 2561 fa-

125 2562 201 2612 outae
216 2563 314 2612 nomine
326 2559 476 2612 Hucvssn
492 2562 549 2612 cod.
565 2563 729 2626 lupdunensia
744 2566 769 2613 in
783 2565 804 2627 f.
819 2565 938 2614 Valeriae
948 2564 1050 2615 Probus

126 2629 194 2679 Inet.
214 2631 431 2694 ort.p.47,10.
450 2645 478 2693 p.
498 2632 539 2691 75,
560 2633 577 2679 3
595 2630 627 2679 L.
668 2629 804 2681 INCIPIT
823 2631 1022 2681 FELICITER
1042 2631 1046 2698 i

126 2695 310 2746 TROADVM
323 2697 338 2734 ¹²·
351 2695 500 2746 HECVBA
513 2696 539 2745 E
556 2695 645 2747 Marci
657 2697 737 2761 Lucij
753 2699 823 2749 Anci
836 2698 941 2750 Seuece
954 2701 1048 2749 Tuoas

125 2763 270 2829 Tragsdia
288 2767 369 2814 sexta
388 2760 531 2828 feliciterl
550 2763 664 2829 Incipit,
681 2765 685 2828 Ι
700 2765 848 2817 HEOVBA
863 2768 885 2817 n
903 2768 1003 2832 Incipit
1021 2771 1048 2819 θ’

125 2831 234 2882 excidii
260 2831 330 2882 troie
359 2835 388 2881 et
413 2830 542 2896 planctus
569 2832 677 2882 hecuba
706 2848 765 2883 cum
790 2835 872 2885 choro
901 2843 949 2888 ete.
990 2838 1047 2886 cod.

123 2901 293 2964 &pdrmemia
311 2916 336 2949 n.
357 2901 417 2950 370.
1093 2906 1098 2914 '

193 3153 213 3201 4
234 3166 290 3201 nora
309 3165 448 3216 nunquam
466 3151 500 3202 ΕΙ
525 3168 713 3218 nonunquam
734 3154 762 3217 (n
780 3155 867 3220 eroso)
888 3153 923 3203 Ε2
939 3150 951 3218 ΙΙ
967 3155 1047 3204 ὂψο-

122 3219 195 3269 cidit
212 3225 237 3282 ψ
259 3216 273 3286 ΙΙ
294 3222 311 3272 8
329 3233 401 3284 quae
418 3219 444 3269 Ε
459 3220 535 3285 prob.
556 3222 630 3275 NHa.
661 3223 710 3287 qui
730 3224 753 3272 A
777 3219 789 3291 ΙΙ
814 3225 845 3272 10
867 3223 970 3286 primus
994 3222 1048 3286 Ep

125 3289 207 3338 Voce.
226 3302 273 3352 nep.
291 3301 404 3353 prorsus
422 3288 447 3337 Α
470 3304 572 3352 pronus
591 3289 736 3339 Sertuerios
760 3286 772 3355 [l
