2326 3922
508 174 631 221 MEDEA

110 315 232 377 caelebs
246 315 346 376 lason:
371 331 480 392 quaere
496 330 659 392 poenarum
677 332 770 391 genus

110 402 186 462 haut
200 401 339 461 usitatum
355 399 472 477 iamque
488 399 531 458 sie
547 405 638 458 temet
653 416 742 476 para:

87 490 99 544 ι’
155 486 214 546 Fas
231 502 318 545 omne
335 483 457 553 cedat,
476 481 563 543 abeat
578 481 718 559 expulsus
732 484 839 560 pudor.

113 570 284 630 uindicta
299 568 372 628 leuis
388 577 434 628 est
448 585 536 645 quam
552 568 651 627 lerunt
665 584 758 644 purae
774 586 894 628 manus:

110 653 256 714 incumbe
271 654 301 712 in
318 655 378 713 iras
393 659 482 730 teque
497 650 685 729 languentem
702 652 796 713 exeita

113 739 292 816 penitusque
308 743 426 798 ueteres
441 744 563 814 pectore
578 754 614 795 ex
629 737 689 795 imo
705 737 866 813 impetus

111 822 262 883 uiolentus
276 822 370 881 hauri.
404 821 543 899 quiequid
559 821 717 880 admissum
734 829 778 882 est
794 821 908 890 adhue,

111 909 206 985 pietas
221 916 355 967 uocetur.

388 988 452 1050 lloe
467 1005 521 1066 age
538 996 566 1050 et
581 988 648 1048 laxo
664 990 757 1050 sciant

113 1093 201 1153 quam
217 1074 295 1135 leuia
311 1074 421 1135 luerint
437 1091 585 1151 quamque
600 1072 732 1150 uulgaris
748 1081 834 1135 notae

112 1178 188 1238 quae
206 1158 383 1219 conmodaui
398 1157 557 1219 seelera.
588 1157 714 1234 prolusit
729 1156 813 1217 dolor

112 1263 166 1321 per
182 1245 236 1304 ista
254 1251 362 1304 noster.
394 1242 464 1320 quid
481 1259 586 1303 manus
601 1249 739 1318 poterant
754 1242 844 1321 rudes

112 1329 223 1389 audere
240 1327 398 1403 magnum?
422 1327 493 1405 quid
509 1325 649 1405 puellaris
664 1326 767 1387 furor?

112 1413 213 1472 Medea
230 1429 310 1471 nuno
325 1429 407 1481 sum,
425 1412 520 1472 creuit
533 1412 686 1488 ingenium
702 1410 795 1470 malis.

87 1522 95 1555 t
153 1498 239 1557 quat
254 1498 335 1556 iuuat
349 1496 483 1574 rapuisse
499 1495 662 1556 fraternum
680 1503 782 1574 eaput,

111 1588 191 1640 artus
206 1582 289 1641 iuuat
303 1581 431 1640 secuisse
448 1588 477 1640 et
493 1597 602 1640 arnano
617 1586 732 1656 patrem

112 1664 253 1743 spoliasse
269 1682 368 1738 sacro,
385 1665 469 1725 iuuat
484 1665 514 1724 in
531 1665 652 1725 exitium
668 1666 747 1725 senis

111 1767 242 1809 armasse
257 1757 348 1807 natas.
380 1767 491 1828 quaere
506 1751 660 1809 materiam
677 1749 779 1810 dolor:

111 1834 145 1893 ad
162 1850 251 1893 omne
267 1833 381 1892 lacinus
396 1849 456 1892 non
472 1833 576 1893 rudem
594 1833 727 1894 dextram
745 1833 871 1896 adferes

87 1920 102 1977 :'
152 1916 217 1986 Quo
235 1924 263 1977 te
279 1917 368 1992 igitur
384 1917 427 1977 ira
444 1917 549 1985 mittis,
566 1925 615 1977 aut
631 1937 705 1995 qnae
722 1919 838 1995 pertido

110 2002 238 2062 intendis
253 2000 331 2061 hosti
345 1999 423 2066 tela?
446 2003 545 2061 neseio
562 2002 631 2080 quid
647 2003 730 2062 lerox

112 2086 245 2146 decreuit
260 2087 375 2145 animus
389 2086 470 2146 intus
486 2092 515 2145 et
531 2086 662 2147 nondum
678 2086 733 2147 sibi

111 2169 199 2231 audet
214 2169 308 2230 lateri.
341 2168 431 2230 stulta
447 2173 609 2248 properaul
625 2172 712 2232 nimis

87 2341 101 2397 t'
152 2337 196 2397 Ex
211 2337 324 2416 paelice
340 2339 450 2398 utinam
466 2337 576 2398 liberos
591 2340 685 2400 hostis
702 2358 785 2400 meus

109 2420 225 2498 aliquos
240 2421 372 2483 haberet.
403 2423 543 2500 quiequid
559 2441 594 2483 ex
610 2422 660 2483 illo
676 2432 759 2484 tuum
776 2432 837 2494 est,

110 2507 220 2567 Creusa
236 2508 360 2585 peperit.
391 2505 501 2584 placuit
515 2507 572 2568 hoe
587 2525 700 2584 poenae
716 2527 809 2586 genus

108 2591 274 2669 meritoque
289 2589 414 2667 placuit:
438 2589 588 2661 ultimum,
605 2609 747 2668 agnosco,
766 2592 890 2654 scelus

107 2676 207 2734 anime
222 2674 386 2752 parandum
402 2684 455 2736 est.
485 2675 573 2736 liberi
588 2677 736 2753 quondam
753 2679 812 2739 mei

107 2777 162 2819 uos
177 2775 233 2835 pro
248 2760 380 2835 paternis
396 2759 561 2820 sceleribus
575 2778 686 2838 poenas
703 2762 779 2822 date.
795 2797 838 2806 -

175 2944 226 2993 906
244 2939 363 3010 osselebs
377 2944 404 3006 (a
417 2944 496 3010 eras.)
511 2945 535 2994 Ε
547 2942 558 3012 ΙΙ
571 2942 675 3012 qussere
694 2944 722 3008 (a
735 2945 813 3011 eras.)
827 2947 852 2995 E
870 2945 1027 3012 pllenarum

106 3010 133 3072 (e
152 3007 237 3075 erae)
255 3010 281 3059 Ε
309 3009 321 3078 ΙΙ
350 3013 398 3062 907
417 3011 518 3063 haustu
538 3015 653 3064 citatum
671 3014 696 3062 Ε
722 3014 797 3063 haud
815 3015 948 3065 usitatum
967 3015 991 3063 Α
1013 3015 1026 3078 ΙΙ

104 3080 155 3129 909
174 3093 281 3144 paruae
300 3080 325 3128 Α
344 3094 429 3142 purae
447 3077 488 3148 ΕΙ
512 3083 561 3131 912
581 3081 672 3132 adhue
691 3086 733 3132 est
751 3081 776 3131 Ε
795 3086 837 3132 est
856 3083 946 3133 adhue
966 3082 989 3131 A
1011 3083 1023 3146 ΙΙ

103 3149 155 3196 914
174 3143 263 3212 notsle
283 3146 310 3210 (a
328 3147 429 3222 snaed)
447 3148 473 3197 Ε
497 3145 501 3214 Ι
517 3151 567 3199 915
585 3150 719 3214 praelusit
737 3150 762 3199 Α
781 3150 901 3215 prolusit
918 3164 932 3202 ε
948 3146 960 3216 ΙΙ
978 3152 1028 3200 920

103 3253 183 3298 ortus
200 3246 228 3298 E
249 3243 262 3313 ΙΙ
285 3223 456 3300 921exit1¹1m
476 3249 499 3298 Ε
561 3251 991 3301 9271aeunamatatuiountR.P.
1012 3251 1026 3314 Η

103 3317 155 3366 929
174 3313 283 3378 aliquot
301 3331 320 3366 α
343 3317 452 3382 aliquos
469 3325 509 3382 ψε
554 3320 604 3369 930
622 3319 726 3383 pepirit
744 3319 769 3367 Ε
786 3313 862 3383 11931
881 3331 981 3380 magno
999 3316 1025 3364 Α

102 3396 229 3448 agnosco
246 3382 273 3433 Ε
283 3378 296 3449 ΙΙ
312 3386 362 3435 932
381 3385 472 3436 animo
490 3385 532 3436 Αε
550 3386 641 3436 anime
660 3388 691 3439 ei.
712 3381 814 3450 0101111
830 3383 982 3449 parendum
1000 3383 1026 3432 Ε
1073 3383 1076 3388 “

101 3450 259 3516 parandum
278 3451 303 3505 A
322 3453 483 3517 patrandum
503 3459 534 3503 et.
556 3454 634 3504 Gron.
660 3451 671 3518 ΙΙ
