2326 3922
225 235 231 244 -
329 191 719 273 111111111[011111111]
917 185 980 251 373

10 355 35 411 α’
148 348 232 411 Falsa
249 354 293 409 est
307 347 344 408 de
359 347 483 425 geminis
499 343 596 404 fabula
612 343 762 412 noctibus,

103 435 209 497 aether
225 451 293 494 cum
308 433 403 510 tenuit
417 431 513 490 sidera
529 428 660 506 longius,

105 520 302 597 conmisitque
317 518 400 577 uices
415 514 521 575 lucifer
536 513 663 592 hespero

22 600 28 604 ’
105 613 137 664 et
152 603 244 664 solem
260 602 354 662 uetuit
369 598 449 660 Delia
466 599 586 659 tardior.

153 770 244 832 Nullis
259 768 433 831 uulneribus
448 769 551 847 peruia
567 765 701 826 membra
717 773 793 825 sunt.

105 856 220 917 ferrum
237 856 325 916 sentit
339 853 446 922 hebes,
463 851 570 913 lentior
587 859 631 910 est
646 849 776 928 chalybs.

106 943 138 1000 in
154 940 234 1000 nudo
249 938 363 1017 gladius
379 955 504 1014 corpore
520 936 667 1012 frangitur

107 1033 138 1085 et
153 1042 254 1084 saxum
270 1021 364 1084 resilit
381 1022 496 1100 lataque
513 1019 642 1098 neglegit

107 1119 138 1170 et
152 1116 279 1168 martem
295 1107 438 1168 indomito
451 1112 573 1182 pectore
589 1111 742 1182 prouocat.

154 1277 219 1337 Non
234 1276 317 1337 illum
334 1282 470 1353 poterant
485 1275 576 1350 figere
592 1273 742 1349 cuspides,

108 1379 172 1422 non
187 1379 274 1422 arcus
289 1359 418 1440 scythica
434 1367 534 1419 tensus
550 1357 731 1426 harundine,

109 1464 173 1507 non
189 1465 264 1523 quae
279 1443 336 1505 tela
352 1446 428 1521 gerit
444 1444 576 1503 Sarmata
593 1440 717 1517 frigidus

111 1538 163 1590 aut
179 1532 228 1608 qui
243 1529 378 1590 soliferae
393 1529 563 1605 suppositus
578 1525 682 1605 plagae

109 1617 210 1676 uicino
226 1616 360 1674 Baianae
376 1612 499 1673 uulnera
516 1612 615 1689 dirigit

111 1699 239 1760 Parthus
255 1699 402 1775 gnosiacis
418 1698 528 1757 certior
543 1695 660 1756 ictibus

40 1876 48 1895 '
153 1867 253 1927 Muros
270 1866 425 1927 Oechaliae
442 1883 568 1944 corpore
585 1863 724 1944 propulit.

108 1951 152 2011 nil
168 1951 286 2012 obstare
301 1952 390 2012 ualet.
420 1951 541 2010 uincere
556 1949 633 2027 quod
651 1959 737 2027 parat

107 2038 167 2095 iam
185 2037 295 2096 uictum
313 2046 365 2097 est.
397 2043 484 2114 quota
501 2051 570 2112 pars
585 2032 709 2095 uulnere
725 2032 870 2093 concidit?

108 2137 164 2198 pro
180 2121 239 2197 lato
255 2123 349 2200 patuit
363 2120 463 2180 urrltus
478 2120 606 2197 iniquior
1003 2126 1055 2178 166

108 2214 139 2265 et
154 2205 262 2266 uidisse
277 2212 323 2265 sat
337 2213 381 2266 est
396 2203 551 2265 herculeas
569 2205 671 2264 minas.

44 2380 50 2397 '
152 2373 208 2444 Qui
225 2382 325 2434 uastos
341 2374 496 2440 Briareus,
513 2373 562 2450 qui
579 2373 707 2433 tumidus
723 2373 802 2450 Gyas

109 2476 199 2537 supra
218 2458 405 2520 thessalicum
422 2458 553 2518 constitit
569 2475 708 2535 aggerem

134 2679 184 2728 148
203 2679 347 2728 contenuit
363 2680 405 2728 uel
422 2678 600 2740 continuitas
624 2672 635 2742 ll
664 2678 713 2727 150
732 2677 818 2727 solem
836 2677 896 2728 ER
911 2676 984 2741 (min

63 2744 131 2809 ras.)
148 2745 250 2796 Cruser.
271 2746 343 2797 soles
362 2746 386 2794 A
408 2741 420 2811 ΙΙ
445 2747 491 2796 151
506 2745 628 2795 membra
640 2744 706 2793 EMi
722 2749 845 2796 monstra
858 2747 882 2795 A
902 2741 913 2811 ΙΙ
935 2748 983 2795 152

63 2811 231 2863 1111111Ε11Ε
248 2815 338 2863 sensit
351 2813 375 2862 A
388 2810 401 2879 l}
413 2814 462 2863 155
479 2817 594 2862 mortem
606 2829 628 2862 ω
646 2818 774 2863 martem
791 2815 889 2878 scripsi
899 2811 910 2879 ll
923 2828 981 2862 cor·

63 2895 130 2946 pore
149 2897 173 2931 ω
194 2885 327 2945 pectore
345 2881 481 2931 LMueller
497 2877 509 2946 11
527 2881 576 2932 160
594 2879 699 2946 uicino)
717 2884 803 2932 ultima
820 2886 891 2931 uocis
908 2882 984 2929 litera

65 2964 129 3014 quae
137 2950 242 2998 uidetur
251 2964 267 2999 ο
274 2949 356 3011 fuisse
368 2951 467 3000 lineolis
479 2951 564 2999 deleta
574 2964 657 3012 snpra
668 2952 789 3014 scriptum
800 2965 855 2999 om.
868 2950 946 2996 tertio
958 2946 984 2995 E

63 3016 156 3066 uicino
176 3017 200 3066 A
219 3017 370 3081 uicinusd
393 3013 405 3082 ΙΙ
434 3017 557 3067 nabutae
576 3018 602 3067 E
619 3017 767 3067 Nabothae
786 3018 811 3066 A
829 3015 983 3064 Batanae

66 3098 101 3134 ea·
117 3083 249 3149 Stephano
268 3085 334 3149 sz.
353 3087 466 3149 reposui.
487 3081 499 3150 ΙΙ
523 3087 570 3136 162
590 3085 717 3135 cacaliae
736 3084 761 3132 E
784 3082 938 3134 Oechaliae
957 3082 982 3131 A

68 3150 168 3202 etholie
185 3159 210 3215 ψ
230 3149 242 3219 Η
264 3153 313 3202 lou
329 3153 422 3218 patuit
440 3152 465 3201 Ε
477 3153 548 3217 Meg.
562 3154 627 3203 1113
645 3153 736 3218 potuit
754 3152 821 3200 Am
840 3147 852 3216 ll
873 3151 982 3200 166111-

68 3216 221 3270 111111εΙΕ
240 3220 343 3271 uicisse
362 3223 387 3270 A
410 3216 422 3286 ll
444 3220 592 3271 herculeas
610 3222 699 3269 mines
718 3220 813 3269 εΛΕΕ
835 3217 983 3267 Herculeis

68 3286 147 3337 11111111
164 3283 282 3354 All1⁶⁷
300 3287 369 3350 Quis
387 3321 427 3339 ...
447 3290 508 3353 quie
529 3289 552 3337 Ε
570 3289 623 3351 Qui
705 3288 751 3350 qui
770 3287 794 3335 A
812 3282 824 3351 ΙΙ
840 3286 939 3350 gigans
958 3283 984 3332 Ε

70 3352 144 3419 gigas
160 3362 185 3419 ψ
203 3354 307 3420 Gyges
326 3371 345 3406 oc
372 3357 457 3419 Gyas
476 3358 566 3406 Delrs'o
586 3354 598 3422 11
620 3355 668 3406 168
687 3353 787 3404 Subter
803 3351 984 3402 thessalicum

71 3422 144 3473 stetit
162 3419 283 3486 (1111111.
304 3423 394 3488 Gran)
414 3439 544 3489 aggerem
562 3424 589 3472 Ε
619 3423 654 3472 Su
675 3438 707 3473 ra
724 3421 902 3472 Thessalicos
920 3434 984 3471 eon-

72 3488 138 3540 111111
156 3505 275 3558 aggeres
293 3492 319 3541 A
338 3506 434 3556 quum
452 3493 532 3542 stelit
551 3492 627 3542 Gran.
652 3439 673 3558 11
