2326 3922
494 202 618 248 Milone,

94 341 132 401 sit
148 339 277 418 pretium
294 340 387 399 lason.

93 437 161 484 lna.
412 424 484 483 cedo
501 424 634 485 defessus
650 424 741 485 malis.

56 517 75 565 h
140 509 177 568 Et
192 510 255 588 ipsa
272 526 358 568 casus
373 527 461 586 saepe
477 511 535 568 iam
553 516 689 586 expertos
704 511 783 569 time.

93 607 180 653 nnn.
199 593 315 653 iortnna
332 611 450 670 semper
466 594 561 653 omnis
576 596 652 654 inira
669 612 715 654 me
732 595 820 653 stetit.
900 606 902 610 ·

94 691 162 738 ins.
178 678 302 738 Acastus
316 678 406 738 instat
420 713 462 723 —-

94 776 181 822 rann.
503 763 624 841 propior
640 768 684 821 est
698 762 791 822 hostis
807 762 907 822 Creo.

57 845 84 902 h‘
139 847 300 924 Vtrumque
316 846 450 925 profuge.
481 864 540 906 non
557 849 635 906 utin
651 865 789 907 socerum
806 865 908 909 manus
1032 857 1083 905 525

94 949 194 991 armes
209 948 265 990 nec
280 939 312 989 nt
327 937 356 990 te
372 929 462 1007 caede
478 941 600 1007 cognata
618 933 754 1009 inquines

93 1015 220 1075 Medea
236 1015 328 1090 cogit:
351 1016 495 1075 innocens
511 1034 626 1075 mecum
645 1017 723 1090 iuge.

57 1109 66 1156 i
136 1112 203 1160 lns.
228 1098 265 1157 Et
279 1100 345 1176 quis
360 1101 478 1160 resistet
494 1101 609 1177 gemina
626 1103 651 1159 si
667 1100 741 1160 helia
759 1103 916 1177 ingranam

94 1183 170 1245 Creo
187 1189 275 1262 atque
289 1186 413 1245 Acastus
427 1202 507 1244 arma
525 1189 549 1244 si
565 1185 723 1260 iungunt
737 1187 807 1246 sna?

57 1272 77 1326 i'
140 1282 225 1330 MED.
251 1268 301 1327 His
316 1267 399 1341 adico
416 1268 541 1329 Colchos
557 1270 639 1329 adice
656 1276 686 1330 et
701 1273 810 1329 Aeeten
827 1270 931 1329 ducem
1030 1279 1083 1327 530

93 1354 218 1432 Scythas
233 1352 361 1430 Pelasgis
376 1354 507 1431 iunge:
530 1353 682 1413 demersos
698 1354 784 1413 dabo.

56 1445 76 1494 k
137 1450 203 1497 ins.
227 1436 291 1497 Alta
306 1439 466 1497 extimesco
482 1446 607 1515 sceptra.

92 1537 179 1582 sinn.
631 1541 668 1582 ne
684 1524 786 1600 cupias
802 1521 881 1582 uide.

57 1606 84 1662 k'
137 1618 204 1665 ins,
228 1605 371 1683 Suspecta
388 1624 425 1666 ne
440 1606 499 1666 sint
512 1604 599 1684 longa
616 1606 768 1684 conloquia
786 1614 912 1685 amputa.

56 1699 65 1746 l
136 1703 223 1751 nano.
247 1689 331 1750 Nunc
346 1708 460 1753 summe
476 1698 537 1750 toto
552 1691 683 1771 irrnpiter
699 1690 781 1752 caelo
797 1699 875 1751 tona.

92 1774 212 1835 intende
228 1773 370 1833 dextram.
401 1774 535 1836 uindices
551 1775 804 1853 iiammaspara
1028 1785 1080 1833 535

92 1876 272 1937 omnemque
287 1860 383 1936 ruptis
399 1858 527 1920 nubibus
542 1860 685 1920 mundum
702 1869 798 1939 quate.

58 1940 76 1998 l'
138 1943 199 2003 Nec
215 1942 347 2018 diligenti
363 1943 418 2003 teia
434 1942 580 2005 librentur
596 1963 684 2004 manu
965 1958 1076 2000 monn

91 2025 139 2087 uel
156 2044 204 2086 me
219 2025 268 2087 uei
284 2030 388 2087 istum:
405 2029 537 2106 quisquis
553 2048 569 2088 e
584 2029 671 2088 nobis
687 2029 771 2090 cadet

91 2128 204 2171 nocens
219 2111 342 2188 peribit,
360 2128 420 2171 non
435 2120 532 2189 potest
547 2115 577 2172 in
594 2132 648 2173 nos
663 2122 745 2173 tuum

92 2213 195 2256 errare
212 2193 361 2256 fulmen.
1028 2210 1078 2256 oto
1156 2251 1159 2255 .

59 2304 84 2337 m
135 2291 203 2339 lae.
401 2280 477 2340 Sana
494 2281 630 2340 meditari
645 2284 743 2360 incipe

90 2371 119 2424 et
136 2362 250 2442 placida
269 2361 341 2424 iare.
371 2365 489 2443 siquod
505 2383 540 2424 ex
556 2369 651 2425 soceri
668 2367 755 2426 domo

89 2454 188 2526 potest
202 2447 301 2525 fugam
317 2446 434 2508 leuare:
450 2447 613 2509 solamen
630 2461 705 2528 pete.

88 2546 174 2592 nnn.
193 2539 385 2592 contemnere
401 2534 517 2593 animus
531 2537 627 2611 regias
644 2545 675 2594 nt
689 2536 746 2594 scis
762 2553 833 2612 opes

88 2623 187 2695 potest
203 2614 353 2693 soletque,
370 2615 482 2678 liberos
499 2625 611 2677 tantum
627 2621 714 2697 fugae

89 2699 202 2761 habere
219 2701 340 2761 comites
357 2700 443 2761 liceat
458 2703 487 2760 in
504 2720 630 2781 qnorum
647 2705 713 2764 sinu

89 2784 228 2845 lacrimas
243 2785 430 2862 profundam.
461 2793 489 2846 te
505 2789 576 2846 noni
593 2790 692 2863 gnati
710 2795 839 2849 manent.

59 2869 90 2926 ιη’
132 2881 200 2930 tas.
223 2869 332 2931 Parere
347 2870 487 2948 precibus
503 2889 613 2948 cupere
628 2891 676 2932 me
691 2875 785 2932 sateor
801 2875 873 2941 tuis,

88 3039 293 3048 *—

154 3139 206 3190 523
224 3139 299 3189 intra
316 3140 343 3190 A
364 3141 439 3206 infra
457 3140 505 3190 ER
534 3137 546 3202 ΙΙ
574 3143 624 3190 624
641 3142 730 3191 MED.
749 3142 775 3191 Ε
797 3159 844 3193 om.
864 3143 888 3191 A
919 3139 930 3208 Η
957 3145 1008 3192 525

86 3206 176 3257 ΜΕΙ).
195 3211 250 3257 ntr.
268 3209 293 3258 Α
322 3207 411 3256 ΜΕΙ).
430 3224 476 3258 om.
496 3208 520 3256 E
549 3203 561 3273 ΙΙ
589 3209 651 3258 nolo
670 3211 695 3258 A
726 3225 781 3259 non
798 3211 824 3260 Ε
851 3207 865 3278 il
893 3213 942 3261 528
966 3212 1009 3258 in-

86 3278 189 3338 gruont
201 3276 227 3326 A
245 3275 397 3340 ingrauont
408 3275 434 3324 Ε
445 3272 457 3341 ΙΙ
468 3278 518 3326 529
536 3275 653 3340 iungant
667 3277 707 3328 Αε
726 3279 853 3342 iungunt
869 3279 971 3340 scripsi.
991 3277 1005 3337 ΙΙ

85 3343 136 3392 630
154 3340 247 3406 anijeo
266 3343 381 3392 nectem
399 3345 424 3392 A
449 3342 528 3394 adice
549 3349 577 3392 et
595 3349 684 3393 aetem
704 3344 729 3393 E
745 3343 756 3407 ii
780 3349 829 3396 537
854 3360 963 3393 manum
982 3343 1007 3391 Ε

85 3410 214 3527 mettun?
243 3407 263 3543 ΙΙ
284 3412 334 3462 538
352 3411 381 3458 in
399 3425 442 3460 me
460 3412 486 3461 A
514 3411 560 3461 uei
579 3427 620 3460 me
639 3412 664 3460 Ε
693 3409 705 3477 ΙΙ
734 3415 782 3462 541
803 3411 908 3476 siquid
928 3413 953 3460 A
983 3411 1008 3459 si

84 3492 120 3542 <1¹¹
203 3485 226 3542 ψ
