2326 3922
157 202 219 267 150
429 217 460 265 n.
485 216 617 264 anunm
641 216 798 263 sennenn

156 365 185 418 at
200 359 224 416 si
240 359 305 434 quis
320 357 398 417 ultro
415 375 446 417 se
461 355 546 416 malis
562 357 649 416 ollert
664 354 767 416 uolens

156 460 246 521 seque
262 443 324 520 ipse
339 448 475 519 torquet,
493 440 619 519 perdere
635 448 680 501 est
694 440 800 518 dignus
816 440 894 501 bona

156 528 221 604 quis
237 529 330 586 nescit
345 528 396 586 uti.
428 527 526 604 potius
542 543 688 585 annorum
704 542 819 586 memor

155 618 285 671 mentem
300 609 418 671 relaxa:
443 609 581 671 noctibus
596 609 679 671 lestis
693 609 789 670 lacem
811 620 814 626 ’

155 694 270 766 attolle,
296 714 382 756 curas
398 694 532 755 Bacchus
549 701 693 755 exoneret
707 712 831 773 graues,

156 789 250 840 aetate
266 781 381 840 fruere:
405 778 506 840 mobili
522 797 612 839 cursu
628 780 712 857 sugit.

27 884 29 888 ⁴
121 867 144 924 o'
199 865 284 925 Nune
299 864 384 925 facile
400 872 503 941 pectus
518 872 601 940 grata
617 881 698 923 nunc
712 864 813 923 iuueni
828 865 943 924 Venus:

156 948 266 1009 exultet
280 951 403 1009 animus.
435 967 488 1009 cur
504 957 570 1008 toro
586 948 677 1009 uiduo
692 948 788 1008 iaces?

155 1036 268 1094 tristem
286 1035 435 1093 iuuentam
452 1033 550 1102 solue,
574 1050 654 1093 nunc
670 1050 775 1094 cursus
790 1050 864 1110 rape

156 1118 274 1177 effunde
289 1118 420 1177 habenas
436 1120 562 1195 optimos
578 1119 656 1178 uitae
672 1117 735 1178 dies

156 1201 279 1263 ellluere
294 1202 431 1281 prohibe.
461 1203 580 1280 propria
597 1202 752 1280 descripsit
767 1202 840 1262 deus

155 1287 249 1348 officia
267 1295 296 1347 et
310 1305 417 1347 aeuum
433 1306 487 1364 per
503 1304 572 1347 suos
588 1287 671 1347 duxit
685 1286 803 1364 gaulus.

154 1370 261 1432 laetitia
278 1374 430 1442 iuuenem,
448 1373 530 1431 lrons
546 1371 632 1432 decet
645 1371 736 1431 tristis
751 1388 863 1432 senem.

114 1459 145 1517 e''
200 1455 275 1525 Quid
291 1465 320 1515 te
336 1456 478 1516 coherces
494 1464 523 1516 et
537 1473 626 1516 necas
638 1465 752 1515 rectam
768 1454 919 1516 indolem?

154 1558 239 1617 seges
254 1539 301 1599 illa
320 1559 458 1618 magnum
475 1541 561 1601 lenus
575 1539 724 1618 agricolae
740 1539 821 1600 dabit

155 1643 360 1702 quaecumque
379 1623 462 1684 laetis
477 1632 577 1685 tenera
595 1624 724 1685 luxuriat
738 1626 809 1684 satis

155 1708 304 1788 arborque
320 1708 398 1768 celso
415 1712 527 1770 uertice
544 1712 663 1770 euincet
677 1727 782 1769 nemus

155 1812 242 1871 quam
260 1812 318 1852 non
334 1793 460 1871 maligna
477 1795 571 1854 caedit
586 1803 636 1854 aut
650 1802 766 1854 resecat
781 1812 896 1857 manus.

154 1879 273 1955 ingenia
288 1877 392 1938 melius
408 1886 487 1938 recta
504 1897 536 1939 se
551 1881 581 1939 in
598 1878 699 1939 laudes
715 1877 816 1938 lerunt
877 1910 887 1942 i

156 1965 180 2023 si
195 1962 323 2022 nobilem
341 1965 470 2023 animum
485 1973 589 2041 uegeta
605 1962 726 2023 libertas
742 1963 801 2023 alit.

113 2057 127 2107 f
198 2047 397 2108 Truculentns
414 2056 442 2107 et
457 2047 594 2108 siluester
610 2067 644 2107 ac
659 2049 737 2108 uitae
751 2049 863 2108 inscius

156 2132 270 2192 tristem
286 2133 441 2193 inuentum
457 2135 572 2193 Venere
587 2132 704 2193 deserta
721 2131 803 2192 colis.

156 2217 213 2276 hoc
230 2234 293 2276 esse
308 2236 415 2278 munus
432 2218 528 2277 credis
543 2218 684 2278 indictum
701 2217 788 2285 uiriS,

156 2310 189 2360 ut
205 2302 278 2361 dura
295 2301 421 2362 tolerent
437 2301 574 2362 cursibus
590 2303 733 2362 domitent
748 2319 839 2378 equos

156 2395 185 2446 et
200 2405 287 2447 saeua
304 2386 381 2446 bella
397 2388 490 2447 hlarte
505 2388 667 2464 sanguineo
683 2386 805 2463 gerant?

120 2497 138 2545 g
198 2471 328 2530 Excedat
343 2473 468 2549 agedum
485 2471 576 2532 rebus
591 2471 728 2531 humanis
743 2472 842 2530 Venus

155 2573 230 2632 quae
246 2555 411 2632 suppletae
427 2558 554 2617 restituit
569 2557 742 2616 exhaustum
759 2572 867 2631 genus:

155 2638 235 2697 orbis
250 2640 356 2698 iacebit
372 2640 504 2719 squalido
520 2642 615 2718 turpis
631 2643 703 2708 situ,

154 2742 281 2783 uacuum
298 2726 362 2783 sine
377 2725 444 2783 ullis
461 2725 603 2785 classibus
619 2724 706 2784 stabit
722 2741 803 2784 mare

154 2807 273 2884 alesque
290 2808 372 2868 caelo
388 2809 464 2869 derit
480 2817 508 2869 et
523 2810 603 2870 siluis
619 2809 681 2869 lena

154 2892 224 2952 solis
240 2902 269 2955 et
285 2899 336 2953 aer
352 2896 475 2972 peruius
490 2896 586 2954 uentis
602 2896 667 2954 erit.

221 3164 271 3210 449
291 3165 350 3212 anti
361 3163 396 3211 E¹
417 3170 446 3213 at
463 3168 487 3213 si
505 3161 625 3231 E³t1452
644 3165 783 3214 montibus
796 3164 820 3212 A
839 3163 968 3213 noctibus
981 3163 1048 3213 End

154 3231 203 3281 457
222 3230 300 3278 luxus
319 3232 343 3279 A
368 3231 486 3293 lususu
511 3248 606 3282 cursus
624 3233 649 3280 E
673 3229 738 3296 (spo.
758 3249 774 3281 α
793 3236 810 3282 3
829 3247 876 3282 m.:
894 3236 939 3291 ‚et
957 3229 1053 3294 lusus)-

153 3301 204 3348 460
223 3299 298 3348 duoit
317 3314 335 3347 α
355 3298 431 3347 duxit
450 3301 498 3360 Εψ
522 3296 533 3364 ΙΙ
556 3303 605 3350 462
625 3298 762 3349 coheredis
780 3300 805 3349 E
822 3296 834 3365 {l
853 3300 904 3349 465
923 3298 1031 3350 euineit
1049 3298 1075 3348 A

153 3368 266 3417 euincet
279 3367 304 3415 E
316 3364 327 3430 ΙΙ
339 3368 389 3416 469
409 3383 423 3415 e
436 3369 512 3417 uitae
526 3370 550 3417 A
571 3385 604 3418 ac
617 3369 693 3417 uitae
706 3368 732 3416 E
744 3364 817 3433 11470
831 3367 906 3416 coles
925 3367 950 3416 Ε
962 3364 974 3432 ΙΙ
990 3368 1077 3417 474-

152 3437 203 3484 476
225 3444 285 3499 post
308 3453 332 3484 u.
352 3437 403 3484 484
421 3438 535 3499 relepaui
552 3444 657 3487 auctore
675 3436 743 3484 lep,
766 3432 779 3501 [l
806 3437 857 3486 478
879 3435 1006 3485 restituit
1024 3436 1052 3487 Ε
1068 3431 1077 3499 ll

153 3502 300 3552 humanum
321 3504 345 3551 A
368 3503 527 3552 exhaustum
547 3518 559 3554 ε
583 3501 594 3569 ll
