2326 3922
69 2192 76 2223 l

473 194 670 243 AGAMEMNO

105 355 172 398 nou
188 342 232 395 est
246 333 413 396 lacrimis
429 333 591 395 Cassandra
609 334 728 404 modus,

103 422 178 500 quia
195 438 271 497 quae
285 421 414 498 patimur
428 421 558 480 uicere
574 420 704 479 modurn.

103 507 242 587 [moene
256 507 397 566 colendos
409 507 542 565 marimo
555 522 681 581 superos
692 502 810 584 putem]

155 688 227 735 cns
251 675 382 734 Vicere
397 680 497 734 nostra
512 674 569 733 iarn
585 682 682 733 metus
698 674 793 732 omnis
809 671 893 733 nrala.

103 759 247 839 equidem
264 776 319 819 nec
334 757 394 818 ulla
409 757 527 817 caelites
543 756 627 834 placo
643 776 732 836 prece

105 862 166 904 nec
181 845 207 904 si
222 842 316 914 uelint
330 843 459 911 saeuire,
476 860 534 921 quo
551 849 677 901 noceant
692 840 811 902 habent.

105 928 228 989 fortuna
246 929 324 987 uires
339 928 402 1005 ipsa
418 927 601 1005 consumpsit
616 945 694 987 suas.

152 1011 234 1082 Quae
250 1012 342 1089 patria
358 1018 450 1071 restat
464 1013 530 1089 quis
546 1018 628 1088 pater
644 1028 719 1088 quae
735 1012 791 1071 iam
809 1012 912 1071 sorori

106 1096 213 1157 bibere
230 1096 336 1157 tumuli
351 1097 523 1173 sanguinem
540 1104 626 1173 atque
642 1113 711 1155 arae
728 1114 836 1156 meum.

103 1182 178 1260 quid
194 1179 244 1240 illa
260 1180 330 1241 lelix
347 1180 432 1241 turba
449 1180 572 1239 fraterni
590 1181 714 1257 greges?

108 1266 251 1325 exhausta
268 1283 384 1342 nempe.
416 1265 496 1342 regia
513 1265 615 1325 miseri
631 1283 717 1325 senes

110 1368 204 1410 uacua
219 1349 314 1409 relicti
331 1358 435 1429 totque
452 1366 504 1425 per
520 1347 663 1409 thalamos
679 1350 782 1409 uident

110 1441 230 1511 praeter
245 1434 408 1494 Lacaenam
423 1442 536 1494 ceteras
553 1433 656 1494 niduas
672 1452 774 1494 nurus.

153 1518 209 1578 Tot
224 1518 272 1579 illa
287 1536 392 1596 regum
408 1527 502 1578 mater
518 1526 546 1578 et
561 1520 695 1597 regimen
712 1518 861 1596 Phrygum

113 1600 234 1662 fecunda
250 1604 279 1662 in
295 1605 379 1680 ignes
395 1603 515 1663 Hecuba
531 1603 658 1663 latorum
676 1621 769 1664 nouas

116 1696 229 1763 experta
245 1687 325 1766 leges
340 1687 434 1747 induit
449 1686 547 1748 uultus
563 1688 657 1747 ieros:

121 1771 188 1830 circa
204 1773 305 1833 ruinas
320 1771 421 1832 rabida
438 1771 557 1833 latrauit
572 1790 641 1833 suas

122 1852 215 1917 'lroiae
231 1865 382 1936 superstes
397 1857 517 1917 Hectori
532 1856 650 1917 Priamo
666 1856 731 1917 sibi.

159 1951 231 2002 cuo.
256 1941 328 2002 Silet
343 1950 464 2018 repente
480 1941 611 2018 plroebas
628 1950 656 2001 et
671 1940 766 2020 pallor
782 1959 870 2018 genas

129 2022 274 2105 creberque
292 2033 384 2086 totum
402 2025 531 2103 possidet
547 2044 656 2105 corpus
673 2035 799 2094 tremor,

130 2112 219 2170 stetere
233 2112 337 2179 uittae,
356 2109 452 2170 mollis
468 2109 615 2171 horrescit
630 2128 728 2178 corna,

129 2190 214 2254 anhela
230 2195 319 2255 corda
335 2213 488 2255 murmure
504 2194 617 2255 incluso
634 2194 779 2263 tremunt,

129 2270 220 2338 incerta
235 2287 339 2339 nutant
353 2278 463 2338 lumina
480 2288 508 2339 et
524 2281 602 2339 uersi
618 2289 700 2340 retro

69 2374 71 2381 ·
126 2362 284 2436 torquentur
301 2363 392 2432 oculi,
409 2382 513 2425 rursus
528 2365 645 2424 inmites
661 2365 767 2442 rigent.

127 2452 193 2503 nunc
205 2446 280 2509 leuat
295 2449 324 2507 in
342 2466 430 2510 auras
446 2448 531 2508 altior
547 2448 632 2509 solito
648 2459 737 2526 caput

125 2527 300 2611 graditurque
315 2531 407 2603 celsa,
425 2552 504 2594 nunc
519 2533 691 2594 reluctantis
708 2543 792 2611 parat

127 2617 243 2678 reserare
258 2618 375 2686 iauceS,
393 2618 485 2678 uerba
502 2636 581 2678 nunc
598 2617 696 2677 clauso
713 2618 788 2679 male

69 2768 71 2777 Ι
125 2701 235 2760 custodit
250 2720 303 2762 ore
318 2720 438 2764 maenas
453 2704 599 2781 inpatiens
614 2703 671 2763 dei.

164 2789 223 2845 ets.
246 2785 339 2854 Quid
354 2805 407 2848 me
423 2788 533 2848 luroris
548 2788 667 2847 incitam
685 2787 810 2849 stimulis
828 2791 914 2857 noui,

69 2938 71 2943 ¹
130 2941 152 2952 *A

69 2968 71 2991 i
156 2951 309 2976 X*—

81 3112 86 3121 .
181 3085 200 3119 tt-
217 3076 265 3126 730
280 3083 342 3140 post
361 3079 410 3127 795
429 3078 587 3139 transposuit
605 3075 731 3125 Swobocla
754 3071 766 3141 ΙΙ
789 3092 812 3124 u.
832 3078 880 3126 731
900 3078 926 3124 in
944 3091 1024 3140 uturp,

129 3127 233 3192 ⁰&ch
255 3145 421 3195 deleuleonl.
445 3161 468 3193 u.
489 3146 538 3194 733
567 3141 578 3209 Η
608 3142 683 3192 CAS.
702 3143 727 3191 Ε
749 3144 840 3195 omri
870 3140 881 3207 ll
911 3142 977 3208 pute
999 3143 1024 3192 E

243 3208 248 3275 Ι
290 3213 339 3262 732
362 3211 437 3262 OAS.
462 3213 488 3261 Α
518 3228 564 3261 om.
588 3211 614 3260 E
643 3208 653 3277 ll
682 3208 778 3261 nostra
800 3211 826 3259 E
855 3207 866 3276 ΙΙ
897 3213 945 3262 738
968 3213 1023 3260 fra-

198 3284 219 3340 ψ
287 3281 381 3344 gregIs
399 3295 420 3330 ω
451 3294 559 3344 greges
577 3279 673 3330 IGron.
703 3275 715 3344 [Ι
744 3280 793 3329 739
812 3279 947 3329 exhaustu
965 3277 991 3325 E
1011 3279 1022 3340 11

132 3336 191 3397 “tit
204 3345 251 3396 ΕΗ
269 3347 376 3412 regiam
395 3347 419 3396 Α
437 3342 450 3414 ll
466 3362 547 3397 senes
559 3347 583 3396 Ε
603 3348 676 3397 senis
690 3348 714 3396 Α
732 3343 810 3413 [1740
828 3361 919 3394 uacua
933 3345 957 3393 Ε
975 3360 1024 3393 ua·

128 3405 225 3529 εῗῑρῖῠΑ
247 3410 258 3479 ΙΙ
282 3416 331 3464 747
354 3414 466 3549 phoeba
483 3414 509 3464 E
529 3411 541 3479 ll
562 3416 610 3464 751
629 3416 733 3464 micant
751 3422 774 3479 ψ
795 3410 807 3479 Η
830 3412 1025 3464 CASANDRA

178 3489 228 3533 uu.
246 3483 337 3532 'lotii
