2326 3922
152 208 216 275 324
367 262 368 266 ,
543 219 685 268 rucnnm

197 376 296 424 cnud.
322 361 432 422 Maiora
449 360 582 419 cruciant
597 375 686 435 quam
707 365 740 418 ut
754 372 855 418 moras
875 361 992 436 possim
1009 361 1078 437 pati.

153 448 290 508 flammae
306 443 451 505 medullas
468 450 496 503 et
512 461 564 503 ccr
580 448 709 503 exurunt
723 459 840 511 meum,

153 533 262 592 mixtus
278 528 374 590 dolori
390 527 521 589 subdidit
536 525 670 587 stimulus
685 527 790 596 timor,

153 615 263 677 inuidia
279 612 377 694 pulsat
392 622 506 690 pectus,
536 611 606 671 hinc
621 611 836 689 animum-iugc

152 701 264 778 premit
279 698 387 776 cupido
403 698 499 775 turpis
515 703 544 756 et
558 696 638 756 uinci
653 701 735 757 uetat

152 792 183 844 et
197 785 275 843 inter
290 784 360 842 istas
375 783 482 842 mentis
498 779 637 840 obsessae
652 779 731 840 iaces

153 867 249 929 fessus
265 866 384 945 quidem
401 872 430 926 et
444 865 580 926 deuictus
595 871 624 924 et
639 863 848 943 pessumdatus

153 951 251 1030 pudor
269 949 403 1010 rebellat.

436 1031 588 1092 Fluctibus
603 1033 695 1092 uariis
710 1049 798 1110 agor,

154 1127 201 1189 ut,
220 1137 287 1178 curn
304 1118 374 1177 hinc
389 1117 571 1197 profundum
586 1123 694 1177 uentus
709 1115 781 1176 hinc
796 1125 897 1178 aestus
913 1119 1014 1196 rapit,
1097 1129 1139 1178 140

153 1204 267 1263 incerta
283 1201 397 1268 dudaitat
413 1200 492 1262 unda
509 1201 558 1261 cui
574 1201 659 1261 cedat
672 1199 761 1260 malo.
836 1246 839 1252 .

154 1288 281 1368 preinde
298 1286 383 1346 omisi
398 1286 533 1362 regimen
549 1303 566 1344 e
581 1284 717 1345 manibus
733 1285 817 1345 meis.

153 1388 343 1452 quacumque
359 1388 407 1429 me
422 1371 481 1437 ira,
498 1388 556 1448 quc
573 1367 673 1438 dclcr,
690 1386 750 1446 quc
765 1386 833 1448 spes
848 1369 941 1440 ieret,

154 1455 212 1515 hcc
227 1458 270 1516 ire
285 1470 418 1533 pergam.
449 1452 588 1514 fluctibus
604 1453 741 1515 dedimus
756 1460 861 1514 ratem.

198 1621 252 1682 Vbi
268 1623 383 1682 animus
400 1629 495 1691 errat,
512 1622 657 1700 optimum
674 1628 718 1681 est
733 1639 856 1682 casum
871 1623 967 1700 sequi.
1094 1631 1136 1679 145

155 1720 259 1765 nvrn.
276 1723 363 1766 caeca
380 1713 424 1766 est
439 1706 589 1767 temeritas
604 1723 681 1784 quae
695 1707 769 1784 petit
785 1723 910 1766 casum
925 1707 1045 1768 ducem.

199 1802 297 1850 cnud.
322 1789 376 1850 Cui
392 1789 491 1850 ultima
508 1796 553 1850 est
568 1790 702 1858 fortuna,
718 1789 788 1868 quid
805 1788 928 1850 dubiam
943 1793 1051 1852 timet?

156 1887 262 1934 nvrn.
278 1881 340 1935 tuta
358 1881 402 1935 est
417 1874 548 1952 latetque
564 1873 665 1951 culpa,
681 1875 706 1933 si
720 1874 848 1952 pateris,
866 1881 927 1935 tua.

200 1970 299 2018 cetu.
324 1958 462 2019 Perlucet
477 1975 566 2019 omne
581 1959 681 2035 regiae
696 1958 799 2018 uitium
816 1958 933 2019 domus.

156 2055 261 2102 nvun.
277 2044 358 2120 piget
373 2044 482 2121 prioris
499 2050 528 2102 et
542 2059 653 2102 ncuum
670 2043 782 2102 crimen
798 2043 906 2102 struis?
1003 2050 1009 2072 ·
1097 2051 1140 2100 150

199 2138 299 2186 curu.
322 2127 380 2187 Res
396 2133 441 2186 est
455 2128 589 2204 proiecte
605 2125 693 2187 stulta
709 2127 856 2204 nequitiae
870 2127 991 2189 medus.
1028 2140 1142 2192 canuxru

155 2224 259 2271 nvrn.
277 2211 356 2289 quod
367 2213 478 2282 metuit,
495 2217 584 2287 auget
594 2211 645 2287 qui
657 2209 754 2271 scelus
766 2208 879 2271 scelere
891 2208 1002 2273 obruit.
1024 2225 1049 2269 r.
1061 2226 1096 2268 cr

199 2307 299 2354 cnud.
323 2295 360 2355 Et
375 2294 488 2354 ferrum
509 2302 539 2355 et
553 2296 630 2372 ignis
645 2312 734 2372 saepe
750 2294 917 2356 medicinae
937 2293 1009 2357 lucc
1025 2305 1078 2359 est.

155 2393 257 2439 nvrn.
276 2387 407 2440 extrema
424 2379 521 2457 primu
536 2397 624 2440 nemo
640 2379 795 2457 temptauit
809 2377 886 2440 loco.

199 2475 297 2522 cnrr.
323 2464 476 2542 Rapienda
491 2463 583 2524 rebus
597 2465 627 2522 in
642 2462 727 2524 malis
741 2480 887 2543 praeceps
902 2464 952 2526 uia
968 2473 1025 2527 est.
1097 2476 1142 2525 155

154 2560 259 2606 nurn.
277 2555 306 2606 at
321 2555 350 2608 te
366 2547 500 2609 reflectat
515 2549 635 2626 coniugi
651 2565 762 2609 nemen
776 2565 904 2612 sacrum.

198 2642 296 2689 cnud.
322 2631 431 2692 Decem
448 2650 502 2710 per
517 2650 611 2693 annus
626 2632 715 2693 uidue
730 2634 888 2712 respiciam
906 2633 1031 2694 uirum?

154 2727 257 2773 nvrn.
274 2717 443 2777 meminisse
460 2715 550 2777 debes
565 2716 677 2778 subulis
693 2735 730 2778 ex
745 2716 795 2776 ilic
811 2723 888 2776 tuae.

158 2901 359 2910 —-——-.—-..

224 3020 272 3068 132
290 3023 321 3067 ut
340 3035 386 3069 om.
406 3019 431 3067 Ε
450 3034 474 3083 q.
493 3035 528 3068 m.
567 3055 573 3068 .
591 3022 629 3068 ut
646 3019 707 3084 peti
725 3019 800 3068 NHe.
813 3014 826 3084 {t
844 3019 893 3068 134
910 3017 1005 3070 littus
1024 3019 1086 3083 (red

155 3085 165 3132 i
183 3085 209 3131 in
227 3100 245 3133 u
263 3093 357 3136 mutato
370 3103 401 3135 m.
414 3085 479 3151 sec.)
498 3086 523 3134 Ε
546 3034 564 3152 ff
582 3087 630 3137 135
647 3084 758 3152 pectus)
776 3099 861 3136 cecus
877 3084 905 3134 Ε
925 3082 938 3152 ΙΙ
965 3088 1019 3139 138
1035 3087 1084 3139 de·

153 3150 268 3200 uinctus
287 3152 313 3200 E
332 3152 461 3203 deuictus
479 3161 502 3216 ψ
521 3152 661 3204 deiectus
680 3170 699 3204 α
721 3149 733 3220 ΙΙ
763 3155 811 3205 139
828 3167 918 3218 ungor
933 3153 960 3204 1³
989 3151 1005 3222 ss
1033 3155 1085 3206 144

154 3218 218 3268 Hoc
238 3218 262 3266 Ε
279 3219 343 3268 Huc
362 3221 386 3269 Α
399 3216 411 3286 Η
423 3220 547 3270 dedimus
565 3221 590 3270 Ε
608 3220 707 3272 dedam
724 3229 749 3286 ψ
767 3220 834 3272 dedi
852 3236 871 3270 α
883 3215 896 3287 ΙΙ
909 3220 959 3271 147
979 3221 1049 3287 quid
1061 3238 1084 3273 ο

154 3286 220 3352 quis
238 3285 290 3341 Bo.
303 3283 308 3353 Ι
327 3286 438 3337 dubiam
454 3288 481 3336 Ε
492 3289 566 3353 Lipc.
580 3290 638 3342 Pul.
657 3286 770 3339 dubium
787 3289 812 3338 A
824 3284 837 3353 ss
850 3289 899 3339 1⁶2
916 3290 1022 3340 metuit
1032 3289 1084 3354 Εψ

154 3355 262 3404 meruit
277 3371 296 3405 α
316 3351 320 3421 i
333 3355 423 3405 obruit
436 3355 485 3419 Εψ
504 3356 639 3407 obstruit
652 3373 671 3406 α
682 3354 694 3423 ΙΙ
707 3359 757 3408 165
773 3354 920 3422 Rapienda
936 3356 965 3406 E
984 3359 1024 3410 cli

127 3475 130 3481 ,
153 3421 276 3554 ‹epytzanp'
322 3421 443 3487 cupienda
466 3439 485 3473 α
513 3420 525 3488 ΙΙ
561 3425 610 3475 156
633 3426 758 3490 coniugii
780 3423 821 3476 εΑ
851 3422 988 3489 coniugia
