2326 3922
158 224 221 287 112
440 239 471 283 n.
489 236 622 283 sunum
639 217 796 284 suuncio

160 380 210 439 sed
227 378 368 456 numquid
384 385 412 436 et
426 376 577 456 peccauit?
594 375 762 436 abstrusum
779 376 911 437 abditum

160 463 341 541 dubiumque
357 480 393 522 an
410 480 514 531 essem,
532 459 653 521 sceleris
670 461 780 521 iniandi
797 479 881 522 reum

160 548 233 608 deus
249 549 317 626 egit.

107 624 147 682 (1⁰
364 630 861 709 liiotestedamnauitparens

160 716 315 795 calidoque
331 723 449 776 teneros
465 717 592 775 transuit
608 714 690 774 ierro
706 714 798 792 pedes

159 803 231 861 etin
249 800 305 861 alta
321 818 443 861 nemora
459 799 601 878 pabulum
618 799 696 859 misit
711 799 782 859 ieris
863 807 866 814 '

159 886 322 965 suibusque
337 885 442 953 saeuis,
459 901 532 961 quas
548 883 708 945 Cithaeron
724 884 830 944 noxius

159 989 266 1031 eruore
281 987 370 1046 saepe
386 971 469 1045 regio
485 970 591 1029 tinetas
607 968 668 1028 siit.

107 1047 149 1104 d'''
201 1054 257 1115 Sed
275 1072 363 1132 quem
379 1053 452 1113 deus
467 1053 660 1113 damnauit
674 1050 781 1112 abiecit
796 1060 914 1130 pater,

159 1157 257 1198 mors
274 1156 391 1216 quoque
406 1137 525 1216 refugit.
552 1137 685 1215 praestiti
699 1136 819 1216 Delphis
835 1137 941 1198 fidem:

158 1225 324 1300 genitorem
340 1222 463 1283 adortus
477 1223 556 1300 inpie
572 1223 666 1283 streui
682 1239 765 1282 nece.
1100 1239 1143 1287 rto

123 1364 126 1371 .
158 1309 214 1368 hoe
230 1307 325 1383 eliqua
342 1309 435 1386 pietus
451 1307 594 1367 redimet?
610 1341 651 1351 —
666 1306 761 1365 oocidi
777 1313 902 1383 patrem.

158 1392 209 1452 sed
225 1402 349 1453 matrem
365 1394 470 1453 amnui.
498 1391 636 1470 proloqui
648 1390 848 1470 ‘hymenaeum
864 1390 956 1469 pudet

157 1477 317 1555 taedasque
333 1485 457 1537 nostras.

130 1580 144 1611 c
488 1560 547 1621 Has
563 1577 679 1641 quoque
700 1559 825 1621 inuitum
841 1561 904 1639 pati

158 1655 187 1705 te
203 1663 276 1723 coge
292 1663 412 1724 poenes,
442 1645 455 1704 i
459 1647 588 1705 acinus
604 1646 737 1722 ignotum
753 1645 877 1705 efferum

158 1731 327 1790 inusitatum
346 1729 407 1790 iare
424 1729 502 1808 quod
519 1728 621 1808 populi
636 1727 787 1800 horreant,

159 1813 236 1891 quod
254 1831 317 1873 esse
334 1815 442 1874 iactum
453 1813 538 1875 nulia
555 1831 612 1873 non
630 1819 709 1873 aetas
724 1821 822 1891 neget,

160 1898 238 1975 quod
254 1899 427 1976 patricidam
444 1899 561 1976 pudeat.
589 1900 618 1958 in
634 1900 747 1975 patrios
763 1905 845 1959 toros

158 1981 211 2042 tuli
227 1992 351 2060 paterno
367 1984 509 2060 sanguine
525 1983 681 2061 adspersas
696 2000 801 2043 manus

138 2067 385 2155 'scelerisque
402 2069 527 2145 pretium
546 2070 638 2129 maius
654 2068 755 2146 ucoepi
771 2066 908 2128 scelus.

122 2161 137 2195 ὓ
200 2151 279 2212 Leue
295 2162 338 2212 est
354 2161 512 2231 paternum
528 2153 687 2213 sueinus.
720 2151 1014 2214 inthulomosmeos
1098 2165 1141 2214 270

157 2237 282 2297 deductu
298 2245 401 2306 mater,
419 2255 456 2297 ne
471 2255 577 2315 parum
593 2235 755 2297 sceleris
771 2237 857 2305 foret,

156 2322 292 2382 secunda.
318 2319 429 2382 nulium
447 2323 561 2382 crimen
578 2321 633 2382 hoo
649 2323 743 2382 maius
760 2330 856 2399 potest

156 2414 260 2467 natura
277 2408 366 2467 serre.
393 2408 416 2466 si
433 2406 512 2485 quod
529 2407 689 2466 etiamnum
706 2413 881 2466 esttamen:

156 2492 206 2568 qui
223 2491 320 2551 iacere
336 2493 451 2570 possint
466 2491 610 2551 dedimus.
642 2490 734 2550 abieci
750 2492 831 2550 neeis

155 2577 281 2650 pretium
298 2583 439 2653 paternae
455 2584 604 2652 sceptrum
622 2583 651 2634 et
664 2575 722 2635 hoe
738 2575 845 2634 iterum
862 2592 968 2637 manus
1096 2586 1141 2634 275

157 2660 282 2718 armauit
298 2659 369 2719 aliis.
399 2662 508 2738 optime
521 2661 606 2737 regni
623 2661 681 2719 mei

159 2743 251 2802 iatum
267 2744 330 2822 ipse
347 2747 432 2803 noui:

126 2820 143 2869 b
444 2827 537 2887 Nemo
554 2831 618 2889 siue
634 2847 720 2889 sacro
737 2830 813 2889 ieret

222 3048 272 3096 252
291 3064 353 3097 rens
372 3047 407 3096 El
431 3063 507 3097 reum
526 3046 587 3097 E³A
617 3044 629 3114 Η
658 3050 708 3098 254
725 3047 867 3097 transtulit
884 3047 952 3098 Aue
972 3045 1076 3111 (trans-

154 3113 227 3161 tudit
247 3130 265 3163 u
282 3118 371 3166 iniod.
384 3116 449 3177 err.)
469 3115 587 3165 transuit
604 3116 630 3165 E
659 3111 670 3181 Η
699 3116 749 3166 256
768 3116 923 3179 suibusque
942 3114 1076 3176 enidisu

155 3182 253 3231 auibus
274 3188 302 3232 et
320 3182 409 3232 auidis
429 3200 447 3233 α
475 3184 627 3246 suibusque
646 3183 739 3233 saenis
758 3182 783 3232 E
811 3179 823 3249 11
852 3184 901 3233 257
925 3187 1034 3234 tructas

155 3254 325 3300 attrectasse
342 3253 446 3301 tinctas
459 3251 484 3300 Ε
497 3252 568 3304 mir.
578 3251 645 3300 ndu
664 3251 824 3301 instinctas
844 3252 911 3316 agit
929 3252 1049 3302 ctNHe.

154 3317 201 3367 261
223 3318 279 3368 alia
297 3335 318 3369 ω
337 3320 441 3383 aliqua
460 3326 491 3372 oi.
504 3320 554 3371 Bo.
579 3316 589 3384 ii
613 3320 662 3370 271
682 3317 817 3368 scelerum
835 3319 860 3368 A
879 3319 997 3370 sceleris
1016 3318 1042 3368 Ε

154 3389 204 3437 273
223 3388 246 3436 si
265 3404 309 3438 om.
324 3387 357 3436 E.
386 3385 398 3453 ii
427 3390 477 3438 274
494 3391 609 3453 possunt
628 3403 647 3436 α
665 3378 777 3451 possent
796 3387 840 3450 (ul.
861 3386 983 3454 possint)
1001 3395 1043 3452 ψε

154 3455 203 3503 275
222 3460 364 3519 paternum
379 3454 403 3504 Ε
415 3461 548 3520 paternae
562 3455 586 3504 Α
598 3451 610 3521 ΙΙ
623 3457 672 3504 276
686 3454 750 3504 aliis
762 3455 788 3504 Ε
800 3462 817 3504 t.
831 3455 856 3504 1.
869 3455 912 3505 Gr.
928 3453 1002 3506 alias
1015 3455 1041 3505 A

154 3521 204 3571 277
224 3523 321 3574 efferet
339 3524 364 3573 Ε
388 3523 460 3574 feret
478 3523 502 3572 Α
527 3520 541 3590 ll
