2326 3922
325 94 326 99 ¹
343 128 465 178 cumin
481 127 725 176 uuaanuxuvu
932 111 992 175 109

74 281 123 336 aut
138 273 232 351 dirige
250 273 382 350 irasque
399 268 491 330 soles:
507 268 582 329 haec
597 266 721 328 uulnera

74 361 198 420 rescissa
214 355 306 416 multo
323 356 467 430 sauguine
483 371 518 413 ac
533 352 600 413 tabe
615 353 721 429 inriga,

74 445 128 504 bac
144 441 268 503 extrahe
284 440 412 500 animam
428 439 533 500 duram
548 434 816 516 inexpugnabilem.
1012 454 1060 504 165

46 553 65 588 a
118 528 155 588 Et
169 536 201 588 tu
215 543 324 604 pareus
340 522 521 601 ubicumque
536 539 701 600 poenarum
717 520 828 581 arbiter
943 598 945 602 ι

72 612 319 674 adstas'mearum
335 641 378 652 -
394 621 455 668 nen
469 625 523 686 ego
540 606 597 668 hcc
614 613 725 666 tantum
742 605 838 668 scelus

71 697 130 758 ulla
146 696 260 774 expiari
277 694 391 755 credidi
406 710 500 772 poena
517 692 586 753 satis

72 799 213 861 umquam
229 798 284 841 nec
299 780 353 839 ista
370 785 466 838 morte
482 784 636 837 contentus
651 777 693 836 fui

73 884 126 926 nec
143 884 191 926 me
206 864 319 925 redemi
334 870 429 942 parte,
446 861 635 922 membratim
650 861 704 920 tibi
828 890 851 931 F,
867 887 984 930 xxmfl
1012 881 1061 930 170

72 952 172 1029 perire
188 948 270 1010 uolui
285 982 327 992 -
342 946 473 1008 debitum
489 947 609 1007 tandem
626 947 719 1021 exige.

74 1053 152 1095 nuuc
168 1033 253 1095 solue
269 1050 389 1110 poenas,
408 1041 479 1092 tunc
493 1030 547 1091 tibi
563 1029 683 1090 inferias
700 1029 776 1091 dedi.

73 1120 142 1180 ades
158 1127 247 1197 atque
261 1120 388 1178 inertem
405 1117 555 1177 dexteram
571 1116 719 1175 introrsus
734 1131 837 1194 preme

74 1206 227 1282 magisque
244 1219 355 1281 merge.

56 1289 62 1308 '
383 1285 497 1346 Timida
512 1291 575 1344 tum
591 1292 685 1363 paruo
702 1292 789 1362 caput
851 1309 854 1314 ·

73 1372 178 1433 libauit
192 1372 299 1432 haustu
316 1372 425 1449 uixque
441 1370 594 1447 cupientes
610 1369 692 1448 sequi

73 1458 174 1518 eduxit
189 1455 299 1517 cctdcs.
325 1455 429 1516 haeret
445 1454 531 1515 etiam
547 1470 627 1513 nuuc
642 1453 714 1512 mibi

73 1541 120 1602 ille
137 1543 254 1602 animus
268 1540 381 1610 haeret,
398 1557 464 1600 cum
481 1547 667 1598 recusantem
684 1555 802 1598 manum

71 1643 211 1706 pressere
227 1625 335 1686 uultus.
366 1623 468 1686 audies
483 1640 589 1684 uerum
607 1621 734 1701 Oedipe:

71 1713 174 1771 minus
190 1711 293 1771 eruisti
307 1709 418 1770 lumina
434 1707 574 1769 audacter
590 1715 638 1767 tua

72 1813 162 1873 quam
178 1796 361 1875 praestitisti.
392 1811 471 1854 nunc
488 1809 607 1853 manum
624 1791 749 1852 cerebro
765 1791 864 1860 indue,
1012 1811 1061 1860 180

71 1881 130 1940 bac
146 1887 231 1957 parte
245 1886 373 1940 mortem
388 1894 498 1956 perage
514 1895 570 1957 qua
587 1878 671 1953 coepi
687 1877 773 1937 mori.

39 2055 60 2088 a
117 2043 199 2091 Aur.
223 2031 318 2091 Pauca
332 2050 349 2090 ο
361 2047 469 2108 parens
481 2029 668 2107 magnanime
684 2027 869 2089 miserandae
884 2044 992 2106 precor

72 2124 106 2176 ut
123 2114 215 2176 uerba
232 2123 317 2176 natae
331 2121 432 2176 mente
449 2113 563 2191 placata
579 2113 687 2174 audias.

72 2217 135 2260 non
151 2208 179 2260 te
193 2209 227 2261 ut
242 2200 381 2261 reducam
399 2200 510 2259 ueteris
525 2197 560 2258 ad
576 2199 705 2275 speciem
722 2197 828 2258 domus

71 2284 266 2363 habitumque
281 2286 368 2362 regni
381 2283 456 2344 dure
472 2281 631 2360 pellentem
646 2281 754 2361 inclyte

69 2376 144 2448 peto
160 2378 210 2430 aut
225 2378 259 2429 ut
272 2370 332 2430 iras
346 2377 481 2448 ternpore
497 2374 548 2429 aut
561 2369 626 2447 ipsa
643 2384 726 2427 mura

71 2454 183 2514 fractas
198 2455 322 2514 remissa
338 2461 460 2532 pectere
474 2471 510 2513 ac
528 2450 643 2532 placido
659 2452 754 2512 ieras:

29 2536 57 2594 α’
117 2539 156 2599 At
170 2538 229 2599 hcc
244 2537 369 2599 decebat
382 2538 500 2599 roboris
514 2539 588 2598 tanti
602 2539 709 2605 uirum,

70 2641 134 2683 nou
151 2640 216 2684 esse
232 2622 287 2684 sub
304 2622 406 2683 dolore
421 2640 477 2682 nec
492 2623 604 2683 uictum
619 2619 704 2682 maiis

71 2708 254 2785 dareterga.
285 2725 344 2768 nun
361 2714 406 2769 est
420 2714 451 2768 ut
467 2715 552 2785 putas
568 2707 663 2766 uirtus
677 2711 762 2783 pater
1013 2726 1062 2774 190

70 2794 179 2853 timere
196 2794 298 2862 uitam,
314 2791 366 2854 sed
382 2791 466 2853 malis
481 2789 651 2868 ingentibus

75 2978 78 2983 -
142 2946 194 2996 168
211 2958 302 3009 poene
319 2941 354 2992 Ε1
373 2959 443 2993 corr.
463 2943 499 2993 Ε3
528 2939 539 3010 Ι]
569 2944 620 2993 169
638 2949 736 2995 noete
755 2947 786 2995 ci.
808 2943 886 2995 Gron.
908 2939 920 3009 ΙΙ
945 2946 992 2995 171

71 3011 150 3062 uolui
172 3011 265 3076 perire
283 3011 308 3060 A
338 3013 429 3076 perire
450 3010 528 3061 uolui
546 3011 571 3060 E
605 3007 617 3077 Η
652 3014 701 3063 178
725 3012 822 3063 audias
841 3013 865 3061 A
898 3012 994 3062 audies

71 3079 98 3128 Ε
121 3075 134 3146 ΙΙ
156 3079 305 3144 oedippum
324 3095 346 3128 ω
368 3078 466 3146 cedipe
484 3079 524 3128 M
552 3075 563 3144 ΙΙ
594 3080 642 3129 180
661 3081 758 3131 crebro
776 3081 801 3129 E
823 3076 835 3145 ΙΙ
865 3081 912 3129 181
932 3095 995 3130 eoe-

69 3147 115 3213 pit
132 3147 158 3197 A
188 3147 269 3213 coepi
286 3146 353 3196 ΕΕΕ
380 3142 393 3212 Η
422 3148 471 3197 182
493 3145 692 3212 miserandam
718 3146 874 3198 miserande
894 3146 919 3196 Ε
945 3148 994 3196 mi·

71 3213 213 3265 serendae
232 3229 252 3266 u
286 3211 299 3282 ΙΙ
332 3212 547 3281 184specimsn
567 3214 591 3263 Α
621 3215 742 3280 speeiem
760 3216 786 3265 E
805 3224 823 3267 t.
840 3213 947 3266 Istron.
971 3211 983 3277 ΙΙ

71 3284 125 3333 185
145 3282 247 3348 inclyti
265 3299 288 3333 ω
316 3278 328 3349 ss
357 3283 407 3333 186
424 3286 489 3349 pete
508 3286 556 3332 aut
574 3281 626 3331 ΕΑ
646 3284 721 3349 (peto
740 3288 770 3333 at
787 3281 823 3348 ψ)
843 3298 869 3347 p.
888 3284 943 3330 ast
960 3284 992 3334 ei.

72 3350 242 3401 Concaeliuus
263 3345 277 3417 ΙΙ
299 3354 424 3416 tempore
443 3354 492 3402 aut
509 3350 572 3415 ipsu
589 3366 666 3401 mora
678 3369 699 3402 ω
718 3353 921 3415 corruptasunt.
940 3347 990 3400 Bo.

69 3421 103 3471 ci.
123 3422 286 3483 temporum
308 3417 392 3469 haud
413 3418 477 3484 ipsu
499 3433 575 3468 mora
604 3413 617 3484 ΙΙ
647 3420 696 3470 188
716 3423 744 3469 et
761 3436 783 3469 ω
808 3421 838 3467 ut
854 3417 949 3480 sm‘psr'
971 3414 984 3482 ss
