<?xml version="1.0" encoding="UTF-8"?>
<!DOCTYPE html PUBLIC "-//W3C//DTD XHTML 1.0 Transitional//EN"
    "http://www.w3.org/TR/xhtml1/DTD/xhtml1-transitional.dtd">
<html xmlns="http://www.w3.org/1999/xhtml" xml:lang="en" lang="en">
 <head>
  <title>
</title>
<meta http-equiv="Content-Type" content="text/html;charset=utf-8" />
  <meta name='ocr-system' content='tesseract 3.04.00' />
  <meta name='ocr-capabilities' content='ocr_page ocr_carea ocr_par ocr_line ocrx_word'/>
</head>
<body>
  <div class='ocr_page' id='page_1' title='image "./lannaeisenecaet00senegoog_0352.png"; bbox 0 0 2326 3922; ppageno 0'>
   <div class='ocr_carea' id='block_1_1' title="bbox 454 218 576 264">
    <p class='ocr_par' dir='ltr' id='par_1_1' title="bbox 454 218 576 264">
     <span class='ocr_line' id='line_1_1' title="bbox 454 218 576 264; baseline -0.016 0"><span class='ocrx_word' id='word_1_1' title='bbox 454 218 576 264; x_wconf 71' lang='lat' dir='ltr'><strong>Munus</strong></span> 
     </span>
    </p>
   </div>
   <div class='ocr_carea' id='block_1_2' title="bbox 50 353 744 841">
    <p class='ocr_par' dir='ltr' id='par_1_2' title="bbox 50 353 744 587">
     <span class='ocr_line' id='line_1_2' title="bbox 50 353 744 436; baseline -0.006 -18"><span class='ocrx_word' id='word_1_2' title='bbox 50 356 165 418; x_wconf 87' lang='lat' dir='ltr'><strong>monile</strong></span> <span class='ocrx_word' id='word_1_3' title='bbox 180 353 296 433; x_wconf 81' lang='lat' dir='ltr'><strong>fulgens</strong></span> <span class='ocrx_word' id='word_1_4' title='bbox 311 356 450 436; x_wconf 87' lang='lat' dir='ltr'><strong>quodque</strong></span> <span class='ocrx_word' id='word_1_5' title='bbox 466 374 649 434; x_wconf 87' lang='lat' dir='ltr'><strong>gemmarum</strong></span> <span class='ocrx_word' id='word_1_6' title='bbox 666 358 744 415; x_wconf 85' lang='lat' dir='ltr'><strong>nitor</strong></span> 
     </span>
     <span class='ocr_line' id='line_1_3' title="bbox 51 440 738 519; baseline -0.003 -16"><span class='ocrx_word' id='word_1_7' title='bbox 51 442 208 519; x_wconf 79' lang='lat' dir='ltr'><strong>distinguit</strong></span> <span class='ocrx_word' id='word_1_8' title='bbox 225 459 330 500; x_wconf 87' lang='lat' dir='ltr'><strong>aurum</strong></span> <span class='ocrx_word' id='word_1_9' title='bbox 347 458 405 519; x_wconf 86' lang='lat' dir='ltr'><strong>quo</strong></span> <span class='ocrx_word' id='word_1_10' title='bbox 420 440 517 501; x_wconf 85' lang='lat' dir='ltr'><strong>solent</strong></span> <span class='ocrx_word' id='word_1_11' title='bbox 533 442 610 519; x_wconf 85' lang='lat' dir='ltr'><strong>cingi</strong></span> <span class='ocrx_word' id='word_1_12' title='bbox 627 459 738 501; x_wconf 88' lang='lat' dir='ltr'><strong>comae.</strong></span> 
     </span>
     <span class='ocr_line' id='line_1_4' title="bbox 51 525 670 587; baseline -0.002 0"><span class='ocrx_word' id='word_1_13' title='bbox 51 528 130 587; x_wconf 86' lang='lat' dir='ltr'><strong>baec</strong></span> <span class='ocrx_word' id='word_1_14' title='bbox 146 533 249 585; x_wconf 88' lang='lat' dir='ltr'><strong>nostra</strong></span> <span class='ocrx_word' id='word_1_15' title='bbox 265 527 326 586; x_wconf 91' lang='lat' dir='ltr'><strong>nati</strong></span> <span class='ocrx_word' id='word_1_16' title='bbox 341 525 418 585; x_wconf 89' lang='lat' dir='ltr'><strong>dona</strong></span> <span class='ocrx_word' id='word_1_17' title='bbox 434 525 558 586; x_wconf 81' lang='lat' dir='ltr'><strong>nubenti</strong></span> <span class='ocrx_word' id='word_1_18' title='bbox 574 525 670 586; x_wconf 83' lang='lat' dir='ltr'><strong>serant</strong></span> 
     </span>
    </p>

    <p class='ocr_par' dir='ltr' id='par_1_3' title="bbox 51 609 728 841">
     <span class='ocr_line' id='line_1_5' title="bbox 52 609 668 671; baseline -0.005 0"><span class='ocrx_word' id='word_1_19' title='bbox 52 612 105 671; x_wconf 86' lang='lat' dir='ltr'><strong>sed</strong></span> <span class='ocrx_word' id='word_1_20' title='bbox 123 617 191 671; x_wconf 88' lang='lat' dir='ltr'><strong>ante</strong></span> <span class='ocrx_word' id='word_1_21' title='bbox 207 610 280 671; x_wconf 88' lang='lat' dir='ltr'><strong>diris</strong></span> <span class='ocrx_word' id='word_1_22' title='bbox 294 609 374 670; x_wconf 88' lang='lat' dir='ltr'><strong>inlita</strong></span> <span class='ocrx_word' id='word_1_23' title='bbox 391 628 425 670; x_wconf 88' lang='lat' dir='ltr'><strong>ac</strong></span> <span class='ocrx_word' id='word_1_24' title='bbox 440 612 529 670; x_wconf 89' lang='lat' dir='ltr'><strong>tincta</strong></span> <span class='ocrx_word' id='word_1_25' title='bbox 546 610 668 671; x_wconf 90' lang='lat' dir='ltr'><strong>artibus.</strong></span> 
     </span>
     <span class='ocr_line' id='line_1_6' title="bbox 52 693 692 773; baseline -0.006 -17"><span class='ocrx_word' id='word_1_26' title='bbox 52 703 180 756; x_wconf 87' lang='lat' dir='ltr'><strong>uocetur</strong></span> <span class='ocrx_word' id='word_1_27' title='bbox 196 694 315 755; x_wconf 90' lang='lat' dir='ltr'><strong>Hecate.</strong></span> <span class='ocrx_word' id='word_1_28' title='bbox 346 713 430 756; x_wconf 86' lang='lat' dir='ltr'><strong>sacra</strong></span> <span class='ocrx_word' id='word_1_29' title='bbox 445 693 552 756; x_wconf 89' lang='lat' dir='ltr'><strong>letifica</strong></span> <span class='ocrx_word' id='word_1_30' title='bbox 567 712 692 773; x_wconf 88' lang='lat' dir='ltr'><strong>appara:</strong></span> 
     </span>
     <span class='ocr_line' id='line_1_7' title="bbox 51 779 728 841; baseline 0 -2"><span class='ocrx_word' id='word_1_31' title='bbox 51 785 222 841; x_wconf 75' lang='lat' dir='ltr'><strong>statuantur</strong></span> <span class='ocrx_word' id='word_1_32' title='bbox 239 798 307 840; x_wconf 89' lang='lat' dir='ltr'><strong>arae</strong></span> <span class='ocrx_word' id='word_1_33' title='bbox 323 779 441 841; x_wconf 87' lang='lat' dir='ltr'><strong>flamma</strong></span> <span class='ocrx_word' id='word_1_34' title='bbox 458 782 515 840; x_wconf 88' lang='lat' dir='ltr'><strong>iam</strong></span> <span class='ocrx_word' id='word_1_35' title='bbox 532 781 617 840; x_wconf 88' lang='lat' dir='ltr'><strong>tectis</strong></span> <span class='ocrx_word' id='word_1_36' title='bbox 633 788 728 840; x_wconf 86' lang='lat' dir='ltr'><strong>sonet.</strong></span> 
     </span>
    </p>
   </div>
   <div class='ocr_carea' id='block_1_3' title="bbox 439 1111 586 1161">
    <p class='ocr_par' dir='ltr' id='par_1_4' title="bbox 439 1111 586 1161">
     <span class='ocr_line' id='line_1_8' title="bbox 439 1111 586 1161; baseline -0.007 -2"><span class='ocrx_word' id='word_1_37' title='bbox 439 1111 586 1161; x_wconf 60' lang='lat' dir='ltr'>OHORV&amp;</span> 
     </span>
    </p>
   </div>
   <div class='ocr_carea' id='block_1_4' title="bbox 10 1301 1041 1617">
    <p class='ocr_par' dir='ltr' id='par_1_5' title="bbox 10 1301 1041 1617">
     <span class='ocr_line' id='line_1_9' title="bbox 10 1301 736 1363; baseline 0.003 -5"><span class='ocrx_word' id='word_1_38' title='bbox 10 1310 47 1358; x_wconf 58' lang='lat'><strong>³⁰</strong></span> <span class='ocrx_word' id='word_1_39' title='bbox 181 1301 267 1362; x_wconf 91' lang='lat' dir='ltr'><strong>Nulla</strong></span> <span class='ocrx_word' id='word_1_40' title='bbox 284 1303 329 1362; x_wconf 93' lang='lat' dir='ltr'><strong>uis</strong></span> <span class='ocrx_word' id='word_1_41' title='bbox 344 1301 481 1363; x_wconf 87' lang='lat' dir='ltr'><strong>flammae</strong></span> <span class='ocrx_word' id='word_1_42' title='bbox 496 1302 639 1363; x_wconf 89' lang='lat' dir='ltr'><strong>tumidiue</strong></span> <span class='ocrx_word' id='word_1_43' title='bbox 655 1303 736 1362; x_wconf 92' lang='lat' dir='ltr'><strong>uenti</strong></span> 
     </span>
     <span class='ocr_line' id='line_1_10' title="bbox 138 1386 617 1448; baseline 0 -3"><span class='ocrx_word' id='word_1_44' title='bbox 138 1393 219 1446; x_wconf 89' lang='lat' dir='ltr'><strong>tanta</strong></span> <span class='ocrx_word' id='word_1_45' title='bbox 235 1405 290 1447; x_wconf 90' lang='lat' dir='ltr'><strong>nec</strong></span> <span class='ocrx_word' id='word_1_46' title='bbox 305 1386 355 1448; x_wconf 93' lang='lat' dir='ltr'><strong>teli</strong></span> <span class='ocrx_word' id='word_1_47' title='bbox 371 1387 530 1448; x_wconf 83' lang='lat' dir='ltr'><strong>metuenda</strong></span> <span class='ocrx_word' id='word_1_48' title='bbox 546 1389 617 1448; x_wconf 86' lang='lat' dir='ltr'><strong>terti</strong></span> 
     </span>
     <span class='ocr_line' id='line_1_11' title="bbox 139 1471 721 1549; baseline -0.002 -18"><span class='ocrx_word' id='word_1_49' title='bbox 139 1479 248 1549; x_wconf 89' lang='lat' dir='ltr'><strong>quanta</strong></span> <span class='ocrx_word' id='word_1_50' title='bbox 265 1490 333 1531; x_wconf 89' lang='lat' dir='ltr'><strong>eum</strong></span> <span class='ocrx_word' id='word_1_51' title='bbox 349 1471 476 1531; x_wconf 87' lang='lat' dir='ltr'><strong>coniunx</strong></span> <span class='ocrx_word' id='word_1_52' title='bbox 492 1471 611 1532; x_wconf 89' lang='lat' dir='ltr'><strong>uiduata</strong></span> <span class='ocrx_word' id='word_1_53' title='bbox 627 1472 721 1532; x_wconf 87' lang='lat' dir='ltr'><strong>taedis</strong></span> 
     </span>
     <span class='ocr_line' id='line_1_12' title="bbox 547 1556 1041 1617; baseline -0.01 -2"><span class='ocrx_word' id='word_1_54' title='bbox 547 1556 631 1616; x_wconf 88' lang='lat' dir='ltr'><strong>ardet</strong></span> <span class='ocrx_word' id='word_1_55' title='bbox 647 1565 676 1617; x_wconf 90' lang='lat' dir='ltr'><strong>et</strong></span> <span class='ocrx_word' id='word_1_56' title='bbox 692 1556 760 1616; x_wconf 88' lang='lat' dir='ltr'><strong>odit.</strong></span> <span class='ocrx_word' id='word_1_57' title='bbox 991 1562 1041 1611; x_wconf 82' lang='lat'><strong>585</strong></span> 
     </span>
    </p>
   </div>
   <div class='ocr_carea' id='block_1_5' title="bbox 138 1672 796 2009">
    <p class='ocr_par' dir='ltr' id='par_1_6' title="bbox 138 1672 796 1921">
     <span class='ocr_line' id='line_1_13' title="bbox 182 1672 796 1737; baseline 0.003 -5"><span class='ocrx_word' id='word_1_58' title='bbox 182 1673 259 1732; x_wconf 87' lang='lat' dir='ltr'><strong>Non</strong></span> <span class='ocrx_word' id='word_1_59' title='bbox 275 1672 336 1733; x_wconf 91' lang='lat' dir='ltr'><strong>ubi</strong></span> <span class='ocrx_word' id='word_1_60' title='bbox 351 1673 494 1737; x_wconf 85' lang='lat' dir='ltr'><strong>hibernos</strong></span> <span class='ocrx_word' id='word_1_61' title='bbox 509 1674 670 1735; x_wconf 83' lang='lat' dir='ltr'><strong>nebulosus</strong></span> <span class='ocrx_word' id='word_1_62' title='bbox 686 1676 796 1736; x_wconf 87' lang='lat' dir='ltr'><strong>imbres</strong></span> 
     </span>
     <span class='ocr_line' id='line_1_14' title="bbox 138 1757 724 1838; baseline 0.003 -21"><span class='ocrx_word' id='word_1_63' title='bbox 138 1765 239 1818; x_wconf 89' lang='lat' dir='ltr'><strong>auster</strong></span> <span class='ocrx_word' id='word_1_64' title='bbox 255 1757 374 1818; x_wconf 83' lang='lat' dir='ltr'><strong>aduexit</strong></span> <span class='ocrx_word' id='word_1_65' title='bbox 388 1767 590 1838; x_wconf 85' lang='lat' dir='ltr'><strong>properatque</strong></span> <span class='ocrx_word' id='word_1_66' title='bbox 606 1766 724 1819; x_wconf 89' lang='lat' dir='ltr'><strong>torrens</strong></span> 
     </span>
     <span class='ocr_line' id='line_1_15' title="bbox 138 1841 704 1921; baseline 0.004 -20"><span class='ocrx_word' id='word_1_67' title='bbox 138 1841 231 1902; x_wconf 85' lang='lat' dir='ltr'><strong>hister</strong></span> <span class='ocrx_word' id='word_1_68' title='bbox 247 1849 277 1902; x_wconf 91' lang='lat' dir='ltr'><strong>et</strong></span> <span class='ocrx_word' id='word_1_69' title='bbox 291 1843 407 1903; x_wconf 90' lang='lat' dir='ltr'><strong>iunctos</strong></span> <span class='ocrx_word' id='word_1_70' title='bbox 422 1850 502 1903; x_wconf 88' lang='lat' dir='ltr'><strong>uetat</strong></span> <span class='ocrx_word' id='word_1_71' title='bbox 517 1852 704 1921; x_wconf 77' lang='lat' dir='ltr'><strong>essenontes</strong></span> 
     </span>
    </p>

    <p class='ocr_par' dir='ltr' id='par_1_7' title="bbox 547 1936 796 2009">
     <span class='ocr_line' id='line_1_16' title="bbox 547 1936 796 2009; baseline 0.008 -23"><span class='ocrx_word' id='word_1_72' title='bbox 547 1945 581 1986; x_wconf 91' lang='lat' dir='ltr'><strong>ac</strong></span> <span class='ocrx_word' id='word_1_73' title='bbox 598 1946 691 2009; x_wconf 87' lang='lat' dir='ltr'><strong>uagus</strong></span> <span class='ocrx_word' id='word_1_74' title='bbox 708 1936 796 1988; x_wconf 88' lang='lat' dir='ltr'><strong>errat.</strong></span> 
     </span>
    </p>
   </div>
   <div class='ocr_carea' id='block_1_6' title="bbox 138 2043 1041 2361">
    <p class='ocr_par' dir='ltr' id='par_1_8' title="bbox 138 2043 1041 2361">
     <span class='ocr_line' id='line_1_17' title="bbox 182 2043 1041 2124; baseline 0.005 -21"><span class='ocrx_word' id='word_1_75' title='bbox 182 2043 259 2104; x_wconf 90' lang='lat' dir='ltr'><strong>Non</strong></span> <span class='ocrx_word' id='word_1_76' title='bbox 276 2044 336 2104; x_wconf 91' lang='lat' dir='ltr'><strong>ubi</strong></span> <span class='ocrx_word' id='word_1_77' title='bbox 350 2044 464 2122; x_wconf 83' lang='lat' dir='ltr'><strong>inpellit</strong></span> <span class='ocrx_word' id='word_1_78' title='bbox 480 2045 640 2106; x_wconf 79' lang='lat' dir='ltr'><strong>Rhodanus</strong></span> <span class='ocrx_word' id='word_1_79' title='bbox 656 2046 851 2124; x_wconf 80' lang='lat' dir='ltr'><strong>protundum,</strong></span> <span class='ocrx_word' id='word_1_80' title='bbox 991 2051 1041 2100; x_wconf 81' lang='lat'><strong>590</strong></span> 
     </span>
     <span class='ocr_line' id='line_1_18' title="bbox 139 2127 648 2190; baseline 0.004 -2"><span class='ocrx_word' id='word_1_81' title='bbox 139 2136 190 2188; x_wconf 89' lang='lat' dir='ltr'><strong>aut</strong></span> <span class='ocrx_word' id='word_1_82' title='bbox 205 2127 255 2187; x_wconf 92' lang='lat' dir='ltr'><strong>ubi</strong></span> <span class='ocrx_word' id='word_1_83' title='bbox 271 2130 301 2187; x_wconf 91' lang='lat' dir='ltr'><strong>in</strong></span> <span class='ocrx_word' id='word_1_84' title='bbox 317 2130 398 2190; x_wconf 86' lang='lat' dir='ltr'><strong>riuos</strong></span> <span class='ocrx_word' id='word_1_85' title='bbox 413 2128 531 2190; x_wconf 88' lang='lat' dir='ltr'><strong>niuibus</strong></span> <span class='ocrx_word' id='word_1_86' title='bbox 546 2129 648 2190; x_wconf 87' lang='lat' dir='ltr'><strong>solutis</strong></span> 
     </span>
     <span class='ocr_line' id='line_1_19' title="bbox 138 2211 623 2292; baseline 0.004 -20"><span class='ocrx_word' id='word_1_87' title='bbox 138 2211 200 2273; x_wconf 88' lang='lat' dir='ltr'><strong>sole</strong></span> <span class='ocrx_word' id='word_1_88' title='bbox 217 2214 276 2273; x_wconf 88' lang='lat' dir='ltr'><strong>iam</strong></span> <span class='ocrx_word' id='word_1_89' title='bbox 291 2213 363 2275; x_wconf 81' lang='lat' dir='ltr'><strong>torti</strong></span> <span class='ocrx_word' id='word_1_90' title='bbox 378 2214 537 2292; x_wconf 86' lang='lat' dir='ltr'><strong>medioque</strong></span> <span class='ocrx_word' id='word_1_91' title='bbox 552 2233 623 2274; x_wconf 87' lang='lat' dir='ltr'><strong>uere</strong></span> 
     </span>
     <span class='ocr_line' id='line_1_20' title="bbox 545 2297 792 2361; baseline 0.016 -4"><span class='ocrx_word' id='word_1_92' title='bbox 545 2297 639 2358; x_wconf 89' lang='lat' dir='ltr'><strong>tabuit</strong></span> <span class='ocrx_word' id='word_1_93' title='bbox 654 2299 792 2361; x_wconf 87' lang='lat' dir='ltr'><strong>Haemus.</strong></span> 
     </span>
    </p>
   </div>
   <div class='ocr_carea' id='block_1_7' title="bbox 137 2414 770 2731">
    <p class='ocr_par' dir='ltr' id='par_1_9' title="bbox 183 2414 687 2491">
     <span class='ocr_line' id='line_1_21' title="bbox 183 2414 687 2491; baseline 0.004 -16"><span class='ocrx_word' id='word_1_94' title='bbox 183 2414 295 2477; x_wconf 86' lang='lat' dir='ltr'><strong>Caecus</strong></span> <span class='ocrx_word' id='word_1_95' title='bbox 311 2424 354 2476; x_wconf 90' lang='lat' dir='ltr'><strong>est</strong></span> <span class='ocrx_word' id='word_1_96' title='bbox 368 2416 447 2491; x_wconf 86' lang='lat' dir='ltr'><strong>ignis</strong></span> <span class='ocrx_word' id='word_1_97' title='bbox 462 2416 627 2477; x_wconf 88' lang='lat' dir='ltr'><strong>stimulatus</strong></span> <span class='ocrx_word' id='word_1_98' title='bbox 644 2419 687 2478; x_wconf 89' lang='lat' dir='ltr'><strong>ira</strong></span> 
     </span>
    </p>

    <p class='ocr_par' dir='ltr' id='par_1_10' title="bbox 137 2501 770 2731">
     <span class='ocr_line' id='line_1_22' title="bbox 138 2501 670 2578; baseline 0.009 -20"><span class='ocrx_word' id='word_1_99' title='bbox 138 2516 194 2559; x_wconf 89' lang='lat' dir='ltr'><strong>nec</strong></span> <span class='ocrx_word' id='word_1_100' title='bbox 209 2501 274 2578; x_wconf 89' lang='lat' dir='ltr'><strong>regi</strong></span> <span class='ocrx_word' id='word_1_101' title='bbox 290 2508 373 2560; x_wconf 89' lang='lat' dir='ltr'><strong>curat</strong></span> <span class='ocrx_word' id='word_1_102' title='bbox 388 2501 537 2577; x_wconf 83' lang='lat' dir='ltr'><strong>patiturne</strong></span> <span class='ocrx_word' id='word_1_103' title='bbox 553 2501 670 2571; x_wconf 83' lang='lat' dir='ltr'><strong>trenes,</strong></span> 
     </span>
     <span class='ocr_line' id='line_1_23' title="bbox 137 2582 770 2665; baseline 0.005 -23"><span class='ocrx_word' id='word_1_104' title='bbox 137 2582 209 2643; x_wconf 90' lang='lat' dir='ltr'><strong>baut</strong></span> <span class='ocrx_word' id='word_1_105' title='bbox 223 2584 308 2644; x_wconf 89' lang='lat' dir='ltr'><strong>timet</strong></span> <span class='ocrx_word' id='word_1_106' title='bbox 323 2592 465 2662; x_wconf 80' lang='lat' dir='ltr'><strong>mortem:</strong></span> <span class='ocrx_word' id='word_1_107' title='bbox 489 2587 569 2663; x_wconf 85' lang='lat' dir='ltr'><strong>cupit</strong></span> <span class='ocrx_word' id='word_1_108' title='bbox 584 2588 627 2646; x_wconf 92' lang='lat' dir='ltr'><strong>ire</strong></span> <span class='ocrx_word' id='word_1_109' title='bbox 644 2588 673 2646; x_wconf 91' lang='lat' dir='ltr'><strong>in</strong></span> <span class='ocrx_word' id='word_1_110' title='bbox 689 2589 770 2665; x_wconf 85' lang='lat' dir='ltr'><strong>ipses</strong></span> 
     </span>
     <span class='ocr_line' id='line_1_24' title="bbox 548 2669 766 2731; baseline 0.005 -2"><span class='ocrx_word' id='word_1_111' title='bbox 548 2669 655 2731; x_wconf 88' lang='lat' dir='ltr'><strong>obuius</strong></span> <span class='ocrx_word' id='word_1_112' title='bbox 671 2689 766 2731; x_wconf 86' lang='lat' dir='ltr'><strong>enses.</strong></span> 
     </span>
    </p>
   </div>
   <div class='ocr_carea' id='block_1_8' title="bbox 137 2785 789 3143">
    <p class='ocr_par' dir='ltr' id='par_1_11' title="bbox 137 2785 789 3143">
     <span class='ocr_line' id='line_1_25' title="bbox 179 2785 742 2866; baseline 0.005 -20"><span class='ocrx_word' id='word_1_113' title='bbox 179 2785 297 2847; x_wconf 84' lang='lat' dir='ltr'><strong>Parcite</strong></span> <span class='ocrx_word' id='word_1_114' title='bbox 314 2805 331 2846; x_wconf 88' lang='grc' dir='ltr'>ο</span> <span class='ocrx_word' id='word_1_115' title='bbox 348 2785 417 2848; x_wconf 91' lang='lat' dir='ltr'><strong>diui.</strong></span> <span class='ocrx_word' id='word_1_116' title='bbox 449 2789 567 2848; x_wconf 86' lang='lat' dir='ltr'><strong>ueniam</strong></span> <span class='ocrx_word' id='word_1_117' title='bbox 583 2806 742 2866; x_wconf 78' lang='lat' dir='ltr'><strong>precamur</strong></span> 
     </span>
     <span class='ocr_line' id='line_1_26' title="bbox 138 2871 670 2950; baseline 0.002 -19"><span class='ocrx_word' id='word_1_118' title='bbox 138 2871 222 2931; x_wconf 90' lang='lat' dir='ltr'><strong>uiuat</strong></span> <span class='ocrx_word' id='word_1_119' title='bbox 236 2878 269 2930; x_wconf 91' lang='lat' dir='ltr'><strong>ut</strong></span> <span class='ocrx_word' id='word_1_120' title='bbox 285 2877 364 2931; x_wconf 90' lang='lat' dir='ltr'><strong>tutus</strong></span> <span class='ocrx_word' id='word_1_121' title='bbox 380 2889 462 2931; x_wconf 91' lang='lat' dir='ltr'><strong>mare</strong></span> <span class='ocrx_word' id='word_1_122' title='bbox 479 2875 528 2950; x_wconf 90' lang='lat' dir='ltr'><strong>qui</strong></span> <span class='ocrx_word' id='word_1_123' title='bbox 545 2872 670 2950; x_wconf 84' lang='lat' dir='ltr'><strong>subegit.</strong></span> 
     </span>
     <span class='ocr_line' id='line_1_27' title="bbox 137 2953 680 3035; baseline 0.004 -22"><span class='ocrx_word' id='word_1_124' title='bbox 137 2953 190 3014; x_wconf 89' lang='lat' dir='ltr'><strong>sed</strong></span> <span class='ocrx_word' id='word_1_125' title='bbox 206 2954 279 3015; x_wconf 85' lang='lat' dir='ltr'><strong>iurit</strong></span> <span class='ocrx_word' id='word_1_126' title='bbox 293 2957 372 3016; x_wconf 91' lang='lat' dir='ltr'><strong>uinci</strong></span> <span class='ocrx_word' id='word_1_127' title='bbox 389 2955 524 3017; x_wconf 86' lang='lat' dir='ltr'><strong>dominus</strong></span> <span class='ocrx_word' id='word_1_128' title='bbox 539 2958 680 3035; x_wconf 83' lang='lat' dir='ltr'><strong>profundi</strong></span> 
     </span>
     <span class='ocr_line' id='line_1_28' title="bbox 311 3038 789 3143; baseline 0.006 -44"><span class='ocrx_word' id='word_1_129' title='bbox 311 3038 336 3143; x_wconf 56' lang='grc'>1</span> <span class='ocrx_word' id='word_1_130' title='bbox 544 3059 636 3117; x_wconf 88' lang='lat' dir='ltr'><strong>regna</strong></span> <span class='ocrx_word' id='word_1_131' title='bbox 653 3042 789 3102; x_wconf 88' lang='lat' dir='ltr'><strong>secunda.</strong></span> 
     </span>
    </p>
   </div>
   <div class='ocr_carea' id='block_1_9' title="bbox 53 3154 258 3165">
    <p class='ocr_par' dir='ltr' id='par_1_12' title="bbox 53 3154 258 3165">
     <span class='ocr_line' id='line_1_29' title="bbox 53 3154 258 3165; baseline 0.01 -2"><span class='ocrx_word' id='word_1_132' title='bbox 53 3154 258 3165; x_wconf 76' lang='lat'>-———</span> 
     </span>
    </p>
   </div>
   <div class='ocr_carea' id='block_1_10' title="bbox 46 3248 973 3559">
    <p class='ocr_par' dir='ltr' id='par_1_13' title="bbox 46 3248 973 3559">
     <span class='ocr_line' id='line_1_30' title="bbox 118 3248 970 3359; baseline 0 -19"><span class='ocrx_word' id='word_1_133' title='bbox 118 3290 171 3341; x_wconf 72' lang='grc'><strong>556</strong></span> <span class='ocrx_word' id='word_1_134' title='bbox 189 3292 307 3356; x_wconf 87' lang='lat' dir='ltr'><strong>quique</strong></span> <span class='ocrx_word' id='word_1_135' title='bbox 324 3296 357 3342; x_wconf 79' lang='lat' dir='ltr'><strong>et.</strong></span> <span class='ocrx_word' id='word_1_136' title='bbox 377 3248 456 3345; x_wconf 72' lang='lat' dir='ltr'><strong>Grob.</strong></span> <span class='ocrx_word' id='word_1_137' title='bbox 479 3289 492 3359; x_wconf 80' lang='lat' dir='ltr'>ss</span> <span class='ocrx_word' id='word_1_138' title='bbox 515 3293 706 3345; x_wconf 78' lang='lat' dir='ltr'><strong>5801uetifica</strong></span> <span class='ocrx_word' id='word_1_139' title='bbox 724 3296 749 3344; x_wconf 86' lang='grc' dir='ltr'><em>Α</em></span> <span class='ocrx_word' id='word_1_140' title='bbox 772 3293 895 3344; x_wconf 85' lang='lat' dir='ltr'><strong>ioetifiee</strong></span> <span class='ocrx_word' id='word_1_141' title='bbox 912 3291 938 3340; x_wconf 84' lang='lat' dir='ltr'><em>E</em></span> <span class='ocrx_word' id='word_1_142' title='bbox 958 3293 970 3354; x_wconf 77' lang='grc' dir='ltr'>Η</span> 
     </span>
     <span class='ocr_line' id='line_1_31' title="bbox 50 3356 972 3427; baseline 0 -20"><span class='ocrx_word' id='word_1_143' title='bbox 50 3356 266 3408; x_wconf 78' lang='lat' dir='ltr'><strong>681⁸truentur</strong></span> <span class='ocrx_word' id='word_1_144' title='bbox 283 3359 307 3408; x_wconf 85' lang='grc' dir='ltr'><em>Α</em></span> <span class='ocrx_word' id='word_1_145' title='bbox 338 3364 497 3410; x_wconf 82' lang='lat' dir='ltr'><strong>statuantur</strong></span> <span class='ocrx_word' id='word_1_146' title='bbox 513 3362 540 3410; x_wconf 81' lang='lat' dir='ltr'><em>E</em></span> <span class='ocrx_word' id='word_1_147' title='bbox 562 3358 574 3427; x_wconf 72' lang='lat' dir='ltr'><strong>b</strong></span> <span class='ocrx_word' id='word_1_148' title='bbox 597 3363 646 3412; x_wconf 76' lang='grc'><strong>582</strong></span> <span class='ocrx_word' id='word_1_149' title='bbox 664 3363 816 3425; x_wconf 85' lang='lat' dir='ltr'><strong>tumidique</strong></span> <span class='ocrx_word' id='word_1_150' title='bbox 836 3362 861 3409; x_wconf 89' lang='grc' dir='ltr'><em>Α</em></span> <span class='ocrx_word' id='word_1_151' title='bbox 891 3360 972 3407; x_wconf 83' lang='lat' dir='ltr'><strong>tumi-</strong></span> 
     </span>
     <span class='ocr_line' id='line_1_32' title="bbox 46 3420 973 3559; baseline -0.001 -83"><span class='ocrx_word' id='word_1_152' title='bbox 46 3420 250 3558; x_wconf 47' lang='grc' dir='ltr'><strong>ἳιιιέρξαΙΙὲῗ</strong></span> <span class='ocrx_word' id='word_1_153' title='bbox 261 3426 362 3559; x_wconf 42' lang='lat' dir='ltr'><strong>¹{seclis</strong></span> <span class='ocrx_word' id='word_1_154' title='bbox 381 3428 406 3477; x_wconf 81' lang='grc' dir='ltr'><em>Ε</em></span> <span class='ocrx_word' id='word_1_155' title='bbox 418 3425 430 3494; x_wconf 81' lang='grc' dir='ltr'><strong>ΙΙ</strong></span> <span class='ocrx_word' id='word_1_156' title='bbox 446 3430 496 3479; x_wconf 87' lang='grc'><strong>590</strong></span> <span class='ocrx_word' id='word_1_157' title='bbox 514 3429 596 3494; x_wconf 87' lang='lat' dir='ltr'><strong>pellit</strong></span> <span class='ocrx_word' id='word_1_158' title='bbox 613 3429 638 3478; x_wconf 82' lang='lat' dir='ltr'><em>E</em></span> <span class='ocrx_word' id='word_1_159' title='bbox 656 3429 774 3494; x_wconf 85' lang='lat' dir='ltr'><strong>impellit</strong></span> <span class='ocrx_word' id='word_1_160' title='bbox 791 3423 840 3493; x_wconf 78' lang='grc' dir='ltr'><strong>ΑΙ]</strong></span> <span class='ocrx_word' id='word_1_161' title='bbox 857 3428 907 3477; x_wconf 81' lang='grc'><strong>599</strong></span> <span class='ocrx_word' id='word_1_162' title='bbox 926 3426 973 3491; x_wconf 86' lang='lat' dir='ltr'><strong>qui</strong></span> 
     </span>
    </p>
   </div>
   <div class='ocr_carea' id='block_1_11' title="bbox 0 0 1168 3922">
    <p class='ocr_par' dir='ltr' id='par_1_14' title="bbox 0 0 1168 3922">
     <span class='ocr_line' id='line_1_33' title="bbox 0 0 1168 3922; baseline 0 0"><span class='ocrx_word' id='word_1_163' title='bbox 0 0 1168 3922; x_wconf 95' lang='lat' dir='ltr'><strong> </strong></span> 
     </span>
    </p>
   </div>
  </div>
 </body>
</html>
