2326 3922
495 191 656 237 TROADES

108 338 230 392 teneret
245 337 295 390 aut
310 347 385 408 quae
400 331 492 406 regio.
524 348 583 389 non
600 328 754 390 hostilibus

107 415 248 477 confossa
264 412 329 474 telis
345 421 513 492 pertusant
529 413 635 475 uinctis
652 434 755 475 manus

107 500 280 561 secantibus
295 501 483 578 praestricta,
500 518 559 560 non
575 501 636 560 acri
652 499 727 559 latus

107 593 271 666 utrumque
287 583 403 644 flamma
421 585 515 645 cincta
532 594 694 645 maternam
711 585 797 646 fidem

108 686 252 746 umquam
269 687 423 730 exuissem.

469 754 584 814 Gnate
601 755 666 831 quis
681 762 710 814 te
727 772 806 814 nnnc
823 753 904 815 locos

110 840 229 899 fortuna
247 855 321 916 quae
336 837 485 916 possedit?
508 856 610 899 errore
626 841 692 899 auio

109 942 207 1002 uagus
223 941 292 984 arua
309 923 435 984 lustras?
458 932 559 983 castus
574 941 610 982 an
627 926 737 1000 patriae
753 943 846 1002 uapor

110 1009 264 1085 conripuit
278 1009 377 1068 artus‘t
400 1024 507 1067 saeuus
522 1026 558 1068 an
576 1010 671 1068 uictor
686 1015 737 1068 tno

109 1092 182 1153 lusit
198 1094 323 1154 cruore?
347 1092 489 1170 numquid
505 1093 631 1152 inmanis
648 1092 728 1153 ierac

109 1195 214 1237 morsu
230 1184 401 1256 peremptus
416 1178 512 1256 pascis
528 1177 625 1237 idaeas
641 1178 729 1237 anesi

75 1286 91 1320 e
155 1275 210 1321 vn.
235 1261 373 1321 Simulata
391 1280 512 1322 remoue
528 1261 635 1322 uerba:
659 1280 718 1321 non
734 1262 818 1322 facite
834 1263 945 1322 esttibi

109 1348 251 1424 decipere
266 1345 384 1407 Vlixen:
407 1347 533 1407 uicimus
548 1354 675 1412 matrum
692 1346 775 1406 dolos

109 1432 199 1492 etiam
215 1431 347 1491 dearum.
379 1449 460 1492 cassa
477 1430 598 1490 consilia
615 1448 729 1491 arnone.

108 1515 163 1577 ubi
178 1524 264 1576 natus
280 1516 341 1576 esti
1045 1525 1094 1574 580

109 1613 220 1661 Anne.
375 1600 424 1660 ubi
440 1601 568 1660 Hector?
591 1600 641 1660 nbi
658 1602 755 1661 cuncti
769 1602 918 1680 Phryges?

109 1685 163 1747 ubi
178 1685 330 1745 Priamus?
354 1703 444 1745 unnrn
461 1687 593 1764 quaeriS,
611 1703 666 1763 ego
683 1695 792 1764 qnaerd
809 1688 917 1746 omnia.

76 1769 100 1828 ε’
154 1783 210 1829 vn.
236 1771 341 1831 Coacta
359 1769 439 1829 dices
455 1777 559 1846 sponte
576 1771 655 1847 qnod
671 1771 725 1830 iari
742 1771 856 1831 abnuis

109 1867 218 1914 ANDR.
242 1863 302 1914 tnta
320 1863 363 1915 est
378 1856 477 1932 perire
492 1873 568 1933 quae
584 1863 681 1932 potest
697 1855 785 1917 debet
801 1859 890 1935 cupit.

109 1954 167 2000 vn.
190 1939 344 2016 magnifica
361 1938 451 1999 uerba
466 1957 548 1998 mors
562 1957 655 2016 prope
672 1941 787 2002 admota
804 1943 921 2001 excutit.
981 1954 1002 1994 t'.
1017 1952 1092 1992 xxxl

110 2039 219 2084 Arion.
243 2024 328 2084 sinis
344 2023 424 2084 Vlixe
440 2041 547 2101 cogere
562 2025 801 2086 Andromacham
818 2034 912 2095 metu,
1043 2037 1093 2086 585

109 2110 202 2169 uitam
218 2110 346 2169 minare:
363 2127 430 2169 nam
446 2110 522 2168 mori
538 2116 638 2170 notum
655 2118 700 2170 est
714 2111 794 2170 mihi

74 2202 88 2252 f
154 2208 209 2254 vn.
232 2192 413 2254 Verberibus
428 2194 489 2270 igni
505 2202 601 2255 morte
617 2197 747 2255 cruciatu
766 2195 862 2273 eloqni

110 2279 320 2356 quodcumque
336 2276 414 2338 celas
429 2278 526 2354 adiget
541 2280 661 2339 inuitam
679 2277 765 2340 dolor

110 2371 141 2425 et
155 2370 278 2442 pectore
293 2363 351 2422 irno
367 2363 484 2423 condita
501 2381 607 2423 arcana
624 2373 717 2425 eruet.

110 2449 273 2509 necessitas
287 2446 353 2525 plus
368 2465 455 2526 posse
472 2466 560 2527 quarn
576 2451 670 2526 pietas
685 2449 769 2510 solet.
1042 2459 1093 2508 590

75 2541 91 2591 d
153 2546 262 2593 Arcen.
286 2531 424 2610 Propone
442 2531 577 2594 flammas
588 2535 701 2606 fenera
718 2542 746 2594 et
762 2535 841 2594 diras
856 2533 925 2594 nrali

109 2616 222 2678 doloris
238 2623 317 2677 artes
332 2624 361 2677 et
377 2616 482 2677 tarnem
500 2625 528 2676 et
543 2637 661 2678 saeuam
679 2621 757 2678 sitim

108 2703 269 2780 uariasque
284 2709 382 2778 pestes
398 2702 529 2780 undique
546 2711 575 2762 et
590 2703 701 2763 terrum
719 2704 843 2763 inditum

108 2786 277 2848 uisceribus
292 2787 366 2846 ustis
381 2788 510 2847 carceris
526 2789 604 2849 caeci
620 2787 697 2848 lnern

109 2879 141 2932 et
153 2871 294 2950 quicquid
310 2871 398 2930 andet
413 2873 509 2932 uictor
523 2875 617 2932 iratus
631 2874 738 2933 timens
756 2910 791 2917 —
1044 2881 1094 2931 595

179 3108 232 3159 soe
255 3110 346 3159 anta
369 3083 430 3158 111
452 3103 464 3173 p
486 3109 647 3158 51555155
704 3113 752 3161 511
772 3109 921 3160 oadd.E'³
943 3106 955 3176 ῃ
978 3112 1027 3160 511

108 3174 276 3243 possidetur
298 3171 311 3240 11
334 3177 384 3227 686
402 3190 465 3224 nam
484 3176 535 3225 EA
554 3177 651 3241 iamne
706 3178 833 3242 attigui
853 3192 866 3228 ε
884 3179 949 3241 igne
969 3179 992 3226 A
1013 3179 1026 3238 11

106 3250 168 3309 port
185 3245 276 3294 15590
292 3244 465 3308 interponitur
481 3245 568 3294 15596
587 3243 648 3307 (non
666 3248 757 3295 addita
770 3261 900 3310 personae
913 3246 985 3304 noto)
1003 3255 1027 3305 ψ

108 3311 162 3375 (tio
173 3316 200 3361 et
212 3312 304 3361 iterum
315 3327 360 3362 eno
373 3316 427 3363 Ioco
440 3312 532 3374 tepitur
544 3314 569 3361 ia
584 3313 617 3373 G)
629 3309 640 3376 ΙΙ
652 3315 701 3362 591
720 3313 835 3362 uulnera
849 3312 899 3362 ΕΑ
920 3312 932 3360 f
937 3326 1026 3360 unere

105 3381 206 3445 scripsi·
221 3378 257 3441 cs.
275 3395 299 3429 u.
317 3380 366 3430 '126
392 3378 529 3428 uerbera
547 3380 622 3428 NHr.
654 3377 666 3447 1}
695 3382 743 3431 592
763 3385 837 3430 artes
856 3380 948 3428 famen
968 3378 992 3426 E
1012 3376 1038 3439 ΙΙ.

106 3482 161 3533 aet
181 3454 240 3530 1115
258 3476 369 3547 1111555
386 3481 488 3531 armans
507 3480 805 3546 11115555111159,
824 3485 930 3529 tumens
951 3475 999 3544 ap
