2326 3922
171 201 231 265 100
450 215 481 264 n.
498 195 632 262 tunam
648 214 806 264 sunnone
832 233 834 236 >

168 356 220 418 sed
236 356 322 417 ilecto
337 366 476 426 mentem,
491 363 595 435 pectus
611 357 762 436 antiquum
778 355 892 416 aduoca

168 443 320 518 uictosque
336 459 444 520 magno
459 440 569 512 robore
585 459 742 503 aerumnas
757 441 854 501 doma.
1086 443 1109 496 tt

138 636 157 670 a
212 622 329 672 OEDIP.
355 610 436 671 Vnde
450 613 481 670 in
497 610 623 671 nefanda
639 610 790 688 specimen
806 612 961 690 egregium
976 609 1075 672 domo?
1091 617 1114 671 0

169 695 248 756 unde
262 697 316 756 ista
333 696 436 774 generi
452 696 536 771 uirgo
554 695 701 756 dissimilis
716 697 789 756 suo?

169 780 286 841 iortuna
303 780 417 842 credis?
440 779 547 859 aliquis
564 789 608 842 est
626 798 663 841 ex
677 797 725 842 me
740 781 818 858 pius.

168 883 228 925 non
244 873 321 925 esset
337 883 492 943 umquam,
508 863 568 924 fata
584 863 661 925 bene
677 865 747 925 noui
762 882 846 933 mea,

168 936 224 1010 nisi
240 958 272 1010 ut
287 956 418 1010 noceret.
443 951 506 1026 ipsa
523 967 554 1008 se
570 949 599 1007 in
616 947 697 1028 leges
712 966 807 1010 nouas

169 1043 274 1095 natura
290 1041 396 1102 uertet,
413 1040 532 1111 regeret
546 1035 577 1092 in
593 1034 704 1094 iontem
720 1035 792 1095 citas

168 1117 323 1179 reuolutus
339 1118 431 1179 undas
446 1119 541 1178 amnis
556 1126 587 1178 et
602 1124 719 1178 noctem
735 1117 850 1180 adierat

168 1202 303 1281 phoebea
318 1203 440 1281 lampas,
457 1202 607 1281 Hesperus
623 1202 711 1263 saciet
726 1202 814 1264 diem.

133 1290 159 1348 a'
214 1289 249 1347 Vt
264 1288 299 1348 ad
317 1289 450 1349 miserias
465 1286 574 1366 aliquid
590 1287 712 1348 accedat
726 1305 818 1357 meac,

168 1375 207 1451 pii
224 1392 341 1454 quoque
358 1375 478 1435 erimus,
508 1373 595 1432 unica
612 1370 780 1451 Oedipodae
797 1379 840 1433 est
856 1371 936 1434 salus

168 1475 228 1517 non
244 1476 309 1518 csse
325 1457 449 1519 saluum.
474 1456 561 1516 liceat
576 1454 678 1517 ulcisci
693 1464 810 1536 patrem
1107 1469 1137 1516 90

169 1543 266 1602 adhuc
281 1542 417 1603 inuitum.
445 1541 548 1602 dextra
564 1541 634 1620 quid
651 1558 748 1601 cessas
763 1543 844 1624 iners
1123 1544 1133 1567 ⁹

169 1627 286 1703 exigere
304 1627 433 1704 poenas?
456 1625 594 1706 quicquid
610 1633 745 1687 exactum
763 1634 808 1687 est
823 1625 920 1688 adhuc

168 1712 255 1770 matri
271 1712 385 1771 dedisti.
412 1712 495 1772 mitte
511 1711 653 1788 genitoris
668 1728 788 1770 manum

168 1796 299 1856 animosa
315 1797 416 1872 uirgo:
433 1795 520 1856 funus
536 1794 670 1855 extendis
685 1813 784 1855 meum

168 1878 330 1960 longasque
346 1882 406 1941 uiui
422 1880 505 1941 ducis
522 1880 661 1958 exequias
675 1880 777 1958 patris.

138 1975 156 2025 b
212 1964 375 2044 Aliquando
392 1973 470 2026 terra
487 1982 596 2042 corpus
611 1965 739 2025 inuisum
754 1971 831 2041 tege.

168 2067 275 2127 peccas
290 2051 413 2110 honesta
431 2059 538 2118 mente,
555 2051 693 2126 pietatem
709 2067 798 2109 uocas

168 2144 284 2212 patrem
301 2133 479 2213 insepultum
497 2133 625 2194 trahere.
652 2135 703 2211 qui
719 2135 797 2211 cogit
811 2135 890 2195 mori

169 2219 319 2281 nolentem
336 2221 366 2279 in
383 2237 477 2300 aequo
494 2225 538 2279 est
554 2220 662 2296 quique
678 2224 888 2296 properantem
905 2218 1036 2299 inpedit.
1124 2245 1153 2293 00

171 2323 226 2364 nec
243 2313 341 2365 tamen
357 2307 387 2364 in
403 2323 497 2384 aequo
513 2309 571 2363 est:
589 2301 850 2380 alterumgrauius
865 2321 952 2365 reor:
1109 2330 1152 2378 101

168 2389 245 2450 malo
261 2390 402 2468 imperari
418 2407 506 2469 quarn
523 2388 595 2466 eripi
612 2395 738 2448 mortem
754 2387 836 2447 mihi.
1108 2414 1152 2463 102

167 2475 304 2535 occidere
320 2482 365 2535 est
380 2482 482 2534 uetare
498 2474 667 2550 cupientem
685 2473 769 2531 mori.
1108 2498 1152 2547 100

128 2559 154 2615 b'
210 2558 324 2620 Desiste
341 2567 445 2637 coepto
461 2558 559 2635 uirgo:
580 2558 625 2616 ius
641 2558 719 2616 uitae
735 2574 769 2615 ac
784 2557 866 2616 necis

166 2662 250 2703 meae
265 2661 357 2723 penes
372 2662 420 2703 me
436 2649 489 2702 est.
518 2658 610 2718 regna
626 2640 744 2702 deserui
760 2639 866 2708 libens,
1041 2653 1065 2695 Ρ.
1081 2653 1163 2695 xxx

167 2745 292 2805 regnum
308 2728 366 2786 mei
382 2728 506 2786 retineo.
535 2728 559 2784 si
575 2726 631 2786 sida
648 2733 810 2786 es'comes:

167 2830 268 2872 ensem
285 2813 402 2890 parenti
418 2811 511 2879 trade,
528 2809 579 2870 sed
596 2818 698 2870 notum
715 2828 788 2870 nece

167 2914 268 2958 ensem
284 2905 417 2975 paterna.
444 2895 537 2956 tradis
552 2913 588 2954 an
605 2896 685 2971 gnati
701 2901 801 2954 tenent

166 2999 233 3041 cum
249 2999 343 3058 regno
360 2989 389 3041 et
403 2979 505 3041 illum?
527 2980 614 3040 saciet
629 2979 809 3056 ubicumque
824 2987 870 3040 est
884 2996 969 3058 opus.

165 3068 227 3126 illis
241 3064 388 3143 relinquo,
404 3074 509 3144 gnatus
524 3064 604 3125 hunc
620 3063 726 3124 habeat
742 3081 835 3132 meus,

167 3151 219 3211 sed
235 3159 371 3230 uterque.
852 3148 856 3156 “
1107 3165 1151 3212 110

168 3261 371 3271 n——-·----

234 3307 266 3356 78
279 3309 392 3370 pectore
406 3304 429 3353 Α
443 3303 483 3353 ltu
500 3305 527 3352 in
544 3317 598 3352 roo.
617 3300 715 3351 rubore
733 3317 802 3352 corr.
819 3316 855 3351 eac
866 3300 967 3352 rubore
980 3300 1018 3351 El
1029 3298 1042 3367 ΙΙ
1055 3304 1088 3354 79

164 3374 223 3423 uide
235 3375 273 3424 ad
282 3392 306 3423 a.
322 3376 370 3424 192
386 3368 398 3437 Η
415 3374 449 3422 94
461 3372 586 3420 animosa
599 3369 624 3418 E
642 3368 699 3430 (sed
710 3371 754 3420 ult.
767 3371 855 3418 littera
866 3383 918 3421 sor.
931 3385 965 3420 m.
978 3370 1008 3433 2)
1026 3368 1038 3434 ΙΙ
1054 3371 1088 3421 96

166 3441 350 3506 aliprquando
369 3441 394 3490 E
411 3436 422 3505 Η
439 3441 487 3489 100
503 3444 563 3503 post
575 3455 599 3488 u.
616 3439 663 3487 102
683 3439 806 3487 collocato·
817 3433 828 3502 ΙΙ
840 3438 882 3487 90.
897 3438 946 3487 100
964 3440 992 3487 r’n
1004 3454 1087 3501 marg.

164 3510 282 3572 {emantur
295 3511 316 3560 n
328 3508 340 3576 Η
353 3510 401 3559 108
414 3506 504 3557 scelus
517 3508 542 3555 A
562 3519 629 3570 opus
642 3504 666 3553 Ε
678 3500 690 3569 ii
704 3506 751 3554 109
764 3504 804 3555 ibi
816 3505 854 3554 sit
866 3520 888 3553 ω
900 3519 970 3554 corr.
985 3505 1051 3560 R.P.
1065 3503 1077 3570 ΙΙ

46 3636 128 3710 h
