<?xml version="1.0" encoding="UTF-8"?>
<!DOCTYPE html PUBLIC "-//W3C//DTD XHTML 1.0 Transitional//EN"
    "http://www.w3.org/TR/xhtml1/DTD/xhtml1-transitional.dtd">
<html xmlns="http://www.w3.org/1999/xhtml" xml:lang="en" lang="en">
 <head>
  <title>
</title>
<meta http-equiv="Content-Type" content="text/html;charset=utf-8" />
  <meta name='ocr-system' content='tesseract 3.04.00' />
  <meta name='ocr-capabilities' content='ocr_page ocr_carea ocr_par ocr_line ocrx_word'/>
</head>
<body>
  <div class='ocr_page' id='page_1' title='image "./lannaeisenecaet00senegoog_0437.png"; bbox 0 0 2326 3922; ppageno 0'>
   <div class='ocr_carea' id='block_1_1' title="bbox 105 212 636 278">
    <p class='ocr_par' dir='ltr' id='par_1_1' title="bbox 105 212 636 278">
     <span class='ocr_line' id='line_1_1' title="bbox 105 212 636 278; baseline -0.017 0"><span class='ocrx_word' id='word_1_1' title='bbox 105 212 170 278; x_wconf 84' lang='grc'><strong>384</strong></span> <span class='ocrx_word' id='word_1_2' title='bbox 493 223 636 272; x_wconf 81' lang='lat' dir='ltr'><strong>rucurrr</strong></span> 
     </span>
    </p>
   </div>
   <div class='ocr_carea' id='block_1_2' title="bbox 107 361 801 529">
    <p class='ocr_par' dir='ltr' id='par_1_2' title="bbox 107 361 801 529">
     <span class='ocr_line' id='line_1_2' title="bbox 107 361 801 441; baseline -0.007 -14"><span class='ocrx_word' id='word_1_3' title='bbox 107 367 182 429; x_wconf 89' lang='lat' dir='ltr'><strong>leuis</strong></span> <span class='ocrx_word' id='word_1_4' title='bbox 199 373 244 427; x_wconf 90' lang='lat' dir='ltr'><strong>est</strong></span> <span class='ocrx_word' id='word_1_5' title='bbox 260 384 315 426; x_wconf 90' lang='lat' dir='ltr'><strong>nec</strong></span> <span class='ocrx_word' id='word_1_6' title='bbox 330 363 411 425; x_wconf 92' lang='lat' dir='ltr'><strong>illum</strong></span> <span class='ocrx_word' id='word_1_7' title='bbox 428 363 538 441; x_wconf 85' lang='lat' dir='ltr'><strong>gloriae</strong></span> <span class='ocrx_word' id='word_1_8' title='bbox 554 361 685 423; x_wconf 91' lang='lat' dir='ltr'><strong>stimulat</strong></span> <span class='ocrx_word' id='word_1_9' title='bbox 700 362 801 424; x_wconf 88' lang='lat' dir='ltr'><strong>decor.</strong></span> 
     </span>
     <span class='ocr_line' id='line_1_3' title="bbox 109 447 757 529; baseline -0.008 -18"><span class='ocrx_word' id='word_1_10' title='bbox 109 459 190 512; x_wconf 86' lang='lat' dir='ltr'><strong>errat</strong></span> <span class='ocrx_word' id='word_1_11' title='bbox 204 468 258 529; x_wconf 92' lang='lat' dir='ltr'><strong>per</strong></span> <span class='ocrx_word' id='word_1_12' title='bbox 275 449 401 519; x_wconf 69' lang='lat' dir='ltr'><strong>orbern.</strong></span> <span class='ocrx_word' id='word_1_13' title='bbox 411 466 470 508; x_wconf 92' lang='lat' dir='ltr'><strong>non</strong></span> <span class='ocrx_word' id='word_1_14' title='bbox 487 457 519 508; x_wconf 92' lang='lat' dir='ltr'><strong>ut</strong></span> <span class='ocrx_word' id='word_1_15' title='bbox 534 456 679 526; x_wconf 84' lang='lat' dir='ltr'><strong>aequetur</strong></span> <span class='ocrx_word' id='word_1_16' title='bbox 693 447 757 507; x_wconf 92' lang='lat' dir='ltr'><strong>loui</strong></span> 
     </span>
    </p>
   </div>
   <div class='ocr_carea' id='block_1_3' title="bbox 63 531 1012 2888">
    <p class='ocr_par' dir='ltr' id='par_1_3' title="bbox 110 531 764 613">
     <span class='ocr_line' id='line_1_4' title="bbox 110 531 764 613; baseline -0.008 -18"><span class='ocrx_word' id='word_1_17' title='bbox 110 554 165 595; x_wconf 89' lang='lat' dir='ltr'><strong>nec</strong></span> <span class='ocrx_word' id='word_1_18' title='bbox 180 541 213 595; x_wconf 93' lang='lat' dir='ltr'><strong>ut</strong></span> <span class='ocrx_word' id='word_1_19' title='bbox 227 553 281 613; x_wconf 92' lang='lat' dir='ltr'><strong>per</strong></span> <span class='ocrx_word' id='word_1_20' title='bbox 297 533 387 594; x_wconf 89' lang='lat' dir='ltr'><strong>urbes</strong></span> <span class='ocrx_word' id='word_1_21' title='bbox 403 531 687 610; x_wconf 82' lang='lat' dir='ltr'><strong>magnus-argolicas</strong></span> <span class='ocrx_word' id='word_1_22' title='bbox 703 539 764 599; x_wconf 90' lang='lat' dir='ltr'><strong>eat,</strong></span> 
     </span>
    </p>

    <p class='ocr_par' dir='ltr' id='par_1_4' title="bbox 63 615 862 698">
     <span class='ocr_line' id='line_1_5' title="bbox 63 615 862 698; baseline -0.003 -18"><span class='ocrx_word' id='word_1_23' title='bbox 63 656 71 671; x_wconf 89' lang='lat'><strong>·</strong></span> <span class='ocrx_word' id='word_1_24' title='bbox 110 620 187 698; x_wconf 87' lang='lat' dir='ltr'><strong>quod</strong></span> <span class='ocrx_word' id='word_1_25' title='bbox 204 628 282 680; x_wconf 88' lang='lat' dir='ltr'><strong>amet</strong></span> <span class='ocrx_word' id='word_1_26' title='bbox 297 619 436 696; x_wconf 84' lang='lat' dir='ltr'><strong>requirit,</strong></span> <span class='ocrx_word' id='word_1_27' title='bbox 453 618 602 694; x_wconf 85' lang='lat' dir='ltr'><strong>uirginum</strong></span> <span class='ocrx_word' id='word_1_28' title='bbox 618 615 762 676; x_wconf 81' lang='lat' dir='ltr'><strong>thalamos</strong></span> <span class='ocrx_word' id='word_1_29' title='bbox 778 618 862 694; x_wconf 88' lang='lat' dir='ltr'><strong>petit.</strong></span> 
     </span>
    </p>

    <p class='ocr_par' dir='ltr' id='par_1_5' title="bbox 110 700 825 782">
     <span class='ocr_line' id='line_1_6' title="bbox 110 700 825 782; baseline -0.006 -19"><span class='ocrx_word' id='word_1_30' title='bbox 110 706 133 763; x_wconf 93' lang='lat' dir='ltr'><strong>si</strong></span> <span class='ocrx_word' id='word_1_31' title='bbox 151 723 206 782; x_wconf 90' lang='lat' dir='ltr'><strong>qua</strong></span> <span class='ocrx_word' id='word_1_32' title='bbox 224 710 267 763; x_wconf 87' lang='lat' dir='ltr'><strong>est</strong></span> <span class='ocrx_word' id='word_1_33' title='bbox 283 710 388 780; x_wconf 85' lang='lat' dir='ltr'><strong>negata</strong></span> <span class='ocrx_word' id='word_1_34' title='bbox 404 704 532 780; x_wconf 83' lang='lat' dir='ltr'><strong>rapitur,</strong></span> <span class='ocrx_word' id='word_1_35' title='bbox 549 703 580 760; x_wconf 87' lang='lat' dir='ltr'><strong>in</strong></span> <span class='ocrx_word' id='word_1_36' title='bbox 596 700 721 779; x_wconf 91' lang='lat' dir='ltr'><strong>populos</strong></span> <span class='ocrx_word' id='word_1_37' title='bbox 737 700 825 770; x_wconf 85' lang='lat' dir='ltr'><strong>lurit,</strong></span> 
     </span>
    </p>

    <p class='ocr_par' dir='ltr' id='par_1_6' title="bbox 109 787 773 866">
     <span class='ocr_line' id='line_1_7' title="bbox 109 787 773 866; baseline -0.002 -19"><span class='ocrx_word' id='word_1_38' title='bbox 109 795 214 866; x_wconf 88' lang='lat' dir='ltr'><strong>nuptas</strong></span> <span class='ocrx_word' id='word_1_39' title='bbox 230 788 324 847; x_wconf 91' lang='lat' dir='ltr'><strong>ruinis</strong></span> <span class='ocrx_word' id='word_1_40' title='bbox 340 788 456 864; x_wconf 90' lang='lat' dir='ltr'><strong>quaerit</strong></span> <span class='ocrx_word' id='word_1_41' title='bbox 472 797 500 846; x_wconf 89' lang='lat' dir='ltr'><strong>et</strong></span> <span class='ocrx_word' id='word_1_42' title='bbox 516 787 618 845; x_wconf 90' lang='lat' dir='ltr'><strong>uitiurn</strong></span> <span class='ocrx_word' id='word_1_43' title='bbox 635 787 773 863; x_wconf 85' lang='lat' dir='ltr'><strong>inpotens</strong></span> 
     </span>
    </p>

    <p class='ocr_par' dir='ltr' id='par_1_7' title="bbox 109 867 763 933">
     <span class='ocr_line' id='line_1_8' title="bbox 109 867 763 933; baseline -0.008 0"><span class='ocrx_word' id='word_1_44' title='bbox 109 875 205 933; x_wconf 90' lang='lat' dir='ltr'><strong>uirtus</strong></span> <span class='ocrx_word' id='word_1_45' title='bbox 221 880 354 933; x_wconf 84' lang='lat' dir='ltr'><strong>uocetur.</strong></span> <span class='ocrx_word' id='word_1_46' title='bbox 387 871 493 930; x_wconf 89' lang='lat' dir='ltr'><strong>cecidit</strong></span> <span class='ocrx_word' id='word_1_47' title='bbox 508 867 645 930; x_wconf 85' lang='lat' dir='ltr'><strong>Oechalia</strong></span> <span class='ocrx_word' id='word_1_48' title='bbox 662 869 763 930; x_wconf 89' lang='lat' dir='ltr'><strong>inclita</strong></span> 
     </span>
    </p>

    <p class='ocr_par' dir='ltr' id='par_1_8' title="bbox 108 955 704 1036">
     <span class='ocr_line' id='line_1_9' title="bbox 108 955 704 1036; baseline -0.005 -19"><span class='ocrx_word' id='word_1_49' title='bbox 108 975 244 1036; x_wconf 77' lang='lat' dir='ltr'><strong>crurisque</strong></span> <span class='ocrx_word' id='word_1_50' title='bbox 258 957 344 1017; x_wconf 88' lang='lat' dir='ltr'><strong>Titan</strong></span> <span class='ocrx_word' id='word_1_51' title='bbox 360 956 432 1016; x_wconf 92' lang='lat' dir='ltr'><strong>uidit</strong></span> <span class='ocrx_word' id='word_1_52' title='bbox 447 962 534 1034; x_wconf 88' lang='lat' dir='ltr'><strong>atque</strong></span> <span class='ocrx_word' id='word_1_53' title='bbox 551 971 627 1014; x_wconf 89' lang='lat' dir='ltr'><strong>unus</strong></span> <span class='ocrx_word' id='word_1_54' title='bbox 642 955 704 1014; x_wconf 89' lang='lat' dir='ltr'><strong>dies</strong></span> 
     </span>
    </p>

    <p class='ocr_par' dir='ltr' id='par_1_9' title="bbox 109 1037 899 1202">
     <span class='ocr_line' id='line_1_10' title="bbox 109 1037 899 1101; baseline 0 0"><span class='ocrx_word' id='word_1_55' title='bbox 109 1049 235 1101; x_wconf 87' lang='lat' dir='ltr'><strong>stantem</strong></span> <span class='ocrx_word' id='word_1_56' title='bbox 253 1049 282 1100; x_wconf 93' lang='lat' dir='ltr'><strong>et</strong></span> <span class='ocrx_word' id='word_1_57' title='bbox 297 1040 462 1101; x_wconf 87' lang='lat' dir='ltr'><strong>cadentem.</strong></span> <span class='ocrx_word' id='word_1_58' title='bbox 494 1057 583 1100; x_wconf 90' lang='lat' dir='ltr'><strong>causa</strong></span> <span class='ocrx_word' id='word_1_59' title='bbox 598 1037 728 1099; x_wconf 91' lang='lat' dir='ltr'><strong>bellandi</strong></span> <span class='ocrx_word' id='word_1_60' title='bbox 743 1045 788 1100; x_wconf 88' lang='lat' dir='ltr'><strong>est</strong></span> <span class='ocrx_word' id='word_1_61' title='bbox 803 1057 899 1101; x_wconf 89' lang='lat' dir='ltr'><strong>amor.</strong></span> 
     </span>
     <span class='ocr_line' id='line_1_11' title="bbox 109 1122 737 1202; baseline 0 -18"><span class='ocrx_word' id='word_1_62' title='bbox 109 1127 216 1184; x_wconf 87' lang='lat' dir='ltr'><strong>totiens</strong></span> <span class='ocrx_word' id='word_1_63' title='bbox 232 1124 363 1193; x_wconf 89' lang='lat' dir='ltr'><strong>timebit,</strong></span> <span class='ocrx_word' id='word_1_64' title='bbox 379 1122 500 1184; x_wconf 78' lang='lat' dir='ltr'><strong>Herculi</strong></span> <span class='ocrx_word' id='word_1_65' title='bbox 516 1131 612 1183; x_wconf 89' lang='lat' dir='ltr'><strong>natam</strong></span> <span class='ocrx_word' id='word_1_66' title='bbox 629 1139 737 1202; x_wconf 90' lang='lat' dir='ltr'><strong>parens</strong></span> 
     </span>
    </p>

    <p class='ocr_par' dir='ltr' id='par_1_10' title="bbox 111 1209 823 1286">
     <span class='ocr_line' id='line_1_12' title="bbox 111 1209 823 1286; baseline -0.003 -16"><span class='ocrx_word' id='word_1_67' title='bbox 111 1211 246 1285; x_wconf 83' lang='lat' dir='ltr'><strong>quotiens</strong></span> <span class='ocrx_word' id='word_1_68' title='bbox 261 1209 395 1286; x_wconf 83' lang='lat' dir='ltr'><strong>negabit:</strong></span> <span class='ocrx_word' id='word_1_69' title='bbox 419 1209 513 1268; x_wconf 88' lang='lat' dir='ltr'><strong>hostis</strong></span> <span class='ocrx_word' id='word_1_70' title='bbox 529 1215 572 1268; x_wconf 92' lang='lat' dir='ltr'><strong>est</strong></span> <span class='ocrx_word' id='word_1_71' title='bbox 587 1211 721 1284; x_wconf 78' lang='lat' dir='ltr'><strong>quisquis</strong></span> <span class='ocrx_word' id='word_1_72' title='bbox 736 1225 823 1269; x_wconf 87' lang='lat' dir='ltr'><strong>socer</strong></span> 
     </span>
    </p>

    <p class='ocr_par' dir='ltr' id='par_1_11' title="bbox 108 1292 715 1371">
     <span class='ocr_line' id='line_1_13' title="bbox 108 1292 715 1371; baseline -0.003 -19"><span class='ocrx_word' id='word_1_73' title='bbox 108 1295 174 1353; x_wconf 88' lang='lat' dir='ltr'><strong>lieri</strong></span> <span class='ocrx_word' id='word_1_74' title='bbox 189 1303 321 1362; x_wconf 77' lang='lat' dir='ltr'><strong>recusat,</strong></span> <span class='ocrx_word' id='word_1_75' title='bbox 339 1296 363 1354; x_wconf 91' lang='lat' dir='ltr'><strong>si</strong></span> <span class='ocrx_word' id='word_1_76' title='bbox 379 1311 470 1371; x_wconf 84' lang='lat' dir='ltr'><strong>gener</strong></span> <span class='ocrx_word' id='word_1_77' title='bbox 486 1310 546 1352; x_wconf 93' lang='lat' dir='ltr'><strong>non</strong></span> <span class='ocrx_word' id='word_1_78' title='bbox 563 1299 619 1361; x_wconf 91' lang='lat' dir='ltr'><strong>est,</strong></span> <span class='ocrx_word' id='word_1_79' title='bbox 636 1292 715 1352; x_wconf 79' lang='lat' dir='ltr'><strong>scirit.</strong></span> 
     </span>
    </p>

    <p class='ocr_par' dir='ltr' id='par_1_12' title="bbox 110 1379 831 1457">
     <span class='ocr_line' id='line_1_14' title="bbox 110 1379 831 1457; baseline 0.001 -21"><span class='ocrx_word' id='word_1_80' title='bbox 110 1379 263 1455; x_wconf 91' lang='lat' dir='ltr'><strong>posthaec</strong></span> <span class='ocrx_word' id='word_1_81' title='bbox 279 1379 348 1457; x_wconf 90' lang='lat' dir='ltr'><strong>quid</strong></span> <span class='ocrx_word' id='word_1_82' title='bbox 364 1380 435 1438; x_wconf 87' lang='lat' dir='ltr'><strong>istas</strong></span> <span class='ocrx_word' id='word_1_83' title='bbox 450 1379 591 1437; x_wconf 83' lang='lat' dir='ltr'><strong>innocens</strong></span> <span class='ocrx_word' id='word_1_84' title='bbox 606 1393 695 1437; x_wconf 89' lang='lat' dir='ltr'><strong>seruo</strong></span> <span class='ocrx_word' id='word_1_85' title='bbox 711 1395 831 1446; x_wconf 87' lang='lat' dir='ltr'><strong>manus,</strong></span> 
     </span>
    </p>

    <p class='ocr_par' dir='ltr' id='par_1_13' title="bbox 110 1460 760 1522">
     <span class='ocr_line' id='line_1_15' title="bbox 110 1460 760 1522; baseline 0.002 -1"><span class='ocrx_word' id='word_1_86' title='bbox 110 1463 204 1522; x_wconf 83' lang='lat' dir='ltr'><strong>clonec</strong></span> <span class='ocrx_word' id='word_1_87' title='bbox 221 1463 366 1522; x_wconf 83' lang='lat' dir='ltr'><strong>furentem</strong></span> <span class='ocrx_word' id='word_1_88' title='bbox 383 1460 501 1522; x_wconf 88' lang='lat' dir='ltr'><strong>simulet</strong></span> <span class='ocrx_word' id='word_1_89' title='bbox 516 1479 550 1521; x_wconf 91' lang='lat' dir='ltr'><strong>ac</strong></span> <span class='ocrx_word' id='word_1_90' title='bbox 565 1478 654 1521; x_wconf 90' lang='lat' dir='ltr'><strong>saeua</strong></span> <span class='ocrx_word' id='word_1_91' title='bbox 670 1479 760 1522; x_wconf 87' lang='lat' dir='ltr'><strong>manu</strong></span> 
     </span>
    </p>

    <p class='ocr_par' dir='ltr' id='par_1_14' title="bbox 109 1546 826 1624">
     <span class='ocr_line' id='line_1_16' title="bbox 109 1546 826 1624; baseline 0.003 -20"><span class='ocrx_word' id='word_1_92' title='bbox 109 1547 243 1607; x_wconf 86' lang='lat' dir='ltr'><strong>intendat</strong></span> <span class='ocrx_word' id='word_1_93' title='bbox 257 1565 344 1608; x_wconf 89' lang='lat' dir='ltr'><strong>arcus</strong></span> <span class='ocrx_word' id='word_1_94' title='bbox 360 1565 466 1624; x_wconf 83' lang='lat' dir='ltr'><strong>meque</strong></span> <span class='ocrx_word' id='word_1_95' title='bbox 483 1552 643 1622; x_wconf 86' lang='lat' dir='ltr'><strong>natumque</strong></span> <span class='ocrx_word' id='word_1_96' title='bbox 659 1546 826 1623; x_wconf 72' lang='lat' dir='ltr'><strong>opprimat?</strong></span> 
     </span>
    </p>

    <p class='ocr_par' dir='ltr' id='par_1_15' title="bbox 109 1629 671 1709">
     <span class='ocr_line' id='line_1_17' title="bbox 109 1629 671 1709; baseline 0.002 -20"><span class='ocrx_word' id='word_1_97' title='bbox 109 1633 150 1690; x_wconf 89' lang='lat' dir='ltr'><strong>sic</strong></span> <span class='ocrx_word' id='word_1_98' title='bbox 167 1634 307 1708; x_wconf 86' lang='lat' dir='ltr'><strong>coniuges</strong></span> <span class='ocrx_word' id='word_1_99' title='bbox 324 1630 442 1709; x_wconf 81' lang='lat' dir='ltr'><strong>expellit</strong></span> <span class='ocrx_word' id='word_1_100' title='bbox 456 1629 574 1690; x_wconf 80' lang='lat' dir='ltr'><strong>Alcides</strong></span> <span class='ocrx_word' id='word_1_101' title='bbox 588 1647 671 1699; x_wconf 74' lang='lat' dir='ltr'><strong>suar,</strong></span> 
     </span>
    </p>

    <p class='ocr_par' dir='ltr' id='par_1_16' title="bbox 109 1715 839 1793">
     <span class='ocr_line' id='line_1_18' title="bbox 109 1715 839 1793; baseline 0 -19"><span class='ocrx_word' id='word_1_102' title='bbox 109 1715 182 1774; x_wconf 77' lang='lat' dir='ltr'><strong>llaec</strong></span> <span class='ocrx_word' id='word_1_103' title='bbox 198 1724 267 1774; x_wconf 91' lang='lat' dir='ltr'><strong>sunt</strong></span> <span class='ocrx_word' id='word_1_104' title='bbox 281 1716 414 1793; x_wconf 86' lang='lat' dir='ltr'><strong>repudia.</strong></span> <span class='ocrx_word' id='word_1_105' title='bbox 446 1733 502 1775; x_wconf 91' lang='lat' dir='ltr'><strong>nec</strong></span> <span class='ocrx_word' id='word_1_106' title='bbox 517 1721 615 1792; x_wconf 86' lang='lat' dir='ltr'><strong>potest</strong></span> <span class='ocrx_word' id='word_1_107' title='bbox 630 1715 694 1775; x_wconf 84' lang='lat' dir='ltr'><strong>fieri</strong></span> <span class='ocrx_word' id='word_1_108' title='bbox 710 1732 839 1776; x_wconf 88' lang='lat' dir='ltr'><strong>nocens:</strong></span> 
     </span>
    </p>

    <p class='ocr_par' dir='ltr' id='par_1_17' title="bbox 110 1799 699 1860">
     <span class='ocr_line' id='line_1_19' title="bbox 110 1799 699 1860; baseline 0.002 -2"><span class='ocrx_word' id='word_1_109' title='bbox 110 1801 197 1860; x_wconf 89' lang='lat' dir='ltr'><strong>terris</strong></span> <span class='ocrx_word' id='word_1_110' title='bbox 215 1800 310 1860; x_wconf 88' lang='lat' dir='ltr'><strong>uideri</strong></span> <span class='ocrx_word' id='word_1_111' title='bbox 326 1799 489 1860; x_wconf 84' lang='lat' dir='ltr'><strong>sceleribus</strong></span> <span class='ocrx_word' id='word_1_112' title='bbox 504 1816 622 1860; x_wconf 87' lang='lat' dir='ltr'><strong>causam</strong></span> <span class='ocrx_word' id='word_1_113' title='bbox 639 1802 699 1860; x_wconf 89' lang='lat' dir='ltr'><strong>suis</strong></span> 
     </span>
    </p>

    <p class='ocr_par' dir='ltr' id='par_1_18' title="bbox 112 1884 818 1964">
     <span class='ocr_line' id='line_1_20' title="bbox 112 1884 818 1964; baseline 0.003 -22"><span class='ocrx_word' id='word_1_114' title='bbox 112 1884 180 1943; x_wconf 90' lang='lat' dir='ltr'><strong>lecit</strong></span> <span class='ocrx_word' id='word_1_115' title='bbox 196 1903 367 1944; x_wconf 88' lang='lat' dir='ltr'><strong>nouercam.</strong></span> <span class='ocrx_word' id='word_1_116' title='bbox 399 1885 469 1964; x_wconf 88' lang='lat' dir='ltr'><strong>quid</strong></span> <span class='ocrx_word' id='word_1_117' title='bbox 484 1891 585 1962; x_wconf 89' lang='lat' dir='ltr'><strong>stupes</strong></span> <span class='ocrx_word' id='word_1_118' title='bbox 600 1885 699 1960; x_wconf 84' lang='lat' dir='ltr'><strong>segnis</strong></span> <span class='ocrx_word' id='word_1_119' title='bbox 715 1884 818 1944; x_wconf 81' lang='lat' dir='ltr'><strong>furori</strong></span> 
     </span>
    </p>

    <p class='ocr_par' dir='ltr' id='par_1_19' title="bbox 109 1967 977 2131">
     <span class='ocr_line' id='line_1_21' title="bbox 111 1967 977 2047; baseline -0.001 -20"><span class='ocrx_word' id='word_1_120' title='bbox 111 1967 207 2029; x_wconf 90' lang='lat' dir='ltr'><strong>scelus</strong></span> <span class='ocrx_word' id='word_1_121' title='bbox 224 1970 428 2046; x_wconf 77' lang='lat' dir='ltr'><strong>occupandum</strong></span> <span class='ocrx_word' id='word_1_122' title='bbox 446 1976 499 2028; x_wconf 91' lang='lat' dir='ltr'><strong>est.</strong></span> <span class='ocrx_word' id='word_1_123' title='bbox 530 1986 658 2047; x_wconf 81' lang='lat' dir='ltr'><strong>perage,</strong></span> <span class='ocrx_word' id='word_1_124' title='bbox 676 1968 746 2028; x_wconf 88' lang='lat' dir='ltr'><strong>dum</strong></span> <span class='ocrx_word' id='word_1_125' title='bbox 763 1969 859 2030; x_wconf 89' lang='lat' dir='ltr'><strong>leruet</strong></span> <span class='ocrx_word' id='word_1_126' title='bbox 875 1984 977 2028; x_wconf 85' lang='lat' dir='ltr'><strong>uranus.</strong></span> 
     </span>
     <span class='ocr_line' id='line_1_22' title="bbox 109 2053 530 2131; baseline 0 -19"><span class='ocrx_word' id='word_1_127' title='bbox 109 2066 211 2113; x_wconf 80' lang='lat' dir='ltr'><strong>Nvuu.</strong></span> <span class='ocrx_word' id='word_1_128' title='bbox 229 2056 358 2131; x_wconf 86' lang='lat' dir='ltr'><strong>perimes</strong></span> <span class='ocrx_word' id='word_1_129' title='bbox 374 2053 530 2113; x_wconf 81' lang='lat' dir='ltr'><strong>maritumi</strong></span> 
     </span>
    </p>

    <p class='ocr_par' dir='ltr' id='par_1_20' title="bbox 110 2137 882 2282">
     <span class='ocr_line' id='line_1_23' title="bbox 110 2137 882 2216; baseline 0.003 -20"><span class='ocrx_word' id='word_1_130' title='bbox 110 2150 229 2196; x_wconf 71' lang='lat' dir='ltr'><strong>Duram.</strong></span> <span class='ocrx_word' id='word_1_131' title='bbox 557 2137 676 2216; x_wconf 89' lang='lat' dir='ltr'><strong>paelicis</strong></span> <span class='ocrx_word' id='word_1_132' title='bbox 693 2145 773 2198; x_wconf 88' lang='lat' dir='ltr'><strong>certe</strong></span> <span class='ocrx_word' id='word_1_133' title='bbox 789 2156 882 2199; x_wconf 91' lang='lat' dir='ltr'><strong>meae.</strong></span> 
     </span>
     <span class='ocr_line' id='line_1_24' title="bbox 111 2223 504 2282; baseline 0 -3"><span class='ocrx_word' id='word_1_134' title='bbox 111 2234 213 2281; x_wconf 79' lang='lat' dir='ltr'><strong>ner.</strong></span> <span class='ocrx_word' id='word_1_135' title='bbox 232 2230 261 2281; x_wconf 89' lang='lat' dir='ltr'><strong>at</strong></span> <span class='ocrx_word' id='word_1_136' title='bbox 276 2223 346 2282; x_wconf 94' lang='lat' dir='ltr'><strong>loue</strong></span> <span class='ocrx_word' id='word_1_137' title='bbox 362 2230 504 2282; x_wconf 89' lang='lat' dir='ltr'><strong>creatum.</strong></span> 
     </span>
    </p>

    <p class='ocr_par' dir='ltr' id='par_1_21' title="bbox 110 2305 974 2452">
     <span class='ocr_line' id='line_1_25' title="bbox 112 2305 974 2384; baseline -0.003 -20"><span class='ocrx_word' id='word_1_138' title='bbox 112 2318 232 2365; x_wconf 72' lang='lat' dir='ltr'><strong>Duram.</strong></span> <span class='ocrx_word' id='word_1_139' title='bbox 555 2323 664 2384; x_wconf 88' lang='lat' dir='ltr'><strong>nempe</strong></span> <span class='ocrx_word' id='word_1_140' title='bbox 680 2313 709 2366; x_wconf 92' lang='lat' dir='ltr'><strong>et</strong></span> <span class='ocrx_word' id='word_1_141' title='bbox 723 2305 864 2367; x_wconf 78' lang='lat' dir='ltr'><strong>Alcmena</strong></span> <span class='ocrx_word' id='word_1_142' title='bbox 880 2313 974 2367; x_wconf 85' lang='lat' dir='ltr'><strong>satum.</strong></span> 
     </span>
     <span class='ocr_line' id='line_1_26' title="bbox 110 2390 370 2452; baseline 0 -3"><span class='ocrx_word' id='word_1_143' title='bbox 110 2403 212 2450; x_wconf 76' lang='lat' dir='ltr'><strong>nuru.</strong></span> <span class='ocrx_word' id='word_1_144' title='bbox 231 2390 370 2452; x_wconf 79' lang='lat' dir='ltr'><strong>serrone?</strong></span> 
     </span>
    </p>

    <p class='ocr_par' dir='ltr' id='par_1_22' title="bbox 110 2475 477 2537">
     <span class='ocr_line' id='line_1_27' title="bbox 110 2475 477 2537; baseline 0.003 -5"><span class='ocrx_word' id='word_1_145' title='bbox 110 2487 231 2534; x_wconf 80' lang='lat' dir='ltr'><strong>unrau.</strong></span> <span class='ocrx_word' id='word_1_146' title='bbox 387 2475 477 2537; x_wconf 83' lang='lat' dir='ltr'><strong>lerro.</strong></span> 
     </span>
    </p>

    <p class='ocr_par' dir='ltr' id='par_1_23' title="bbox 110 2556 664 2638">
     <span class='ocr_line' id='line_1_28' title="bbox 110 2556 664 2638; baseline 0 -20"><span class='ocrx_word' id='word_1_147' title='bbox 110 2573 212 2618; x_wconf 76' lang='lat' dir='ltr'><strong>nvuu.</strong></span> <span class='ocrx_word' id='word_1_148' title='bbox 503 2559 526 2619; x_wconf 88' lang='lat' dir='ltr'><strong>si</strong></span> <span class='ocrx_word' id='word_1_149' title='bbox 542 2556 664 2638; x_wconf 73' lang='lat' dir='ltr'><strong>nequis?</strong></span> 
     </span>
    </p>

    <p class='ocr_par' dir='ltr' id='par_1_24' title="bbox 110 2642 930 2804">
     <span class='ocr_line' id='line_1_29' title="bbox 110 2642 930 2720; baseline 0.001 -20"><span class='ocrx_word' id='word_1_150' title='bbox 110 2655 229 2701; x_wconf 78' lang='lat' dir='ltr'><strong>Durnn.</strong></span> <span class='ocrx_word' id='word_1_151' title='bbox 694 2644 839 2720; x_wconf 84' lang='lat' dir='ltr'><strong>periuram</strong></span> <span class='ocrx_word' id='word_1_152' title='bbox 855 2642 930 2702; x_wconf 87' lang='lat' dir='ltr'><strong>dolo.</strong></span> 
     </span>
     <span class='ocr_line' id='line_1_30' title="bbox 110 2726 543 2804; baseline 0.002 -19"><span class='ocrx_word' id='word_1_153' title='bbox 110 2740 213 2785; x_wconf 80' lang='lat' dir='ltr'><strong>nunu.</strong></span> <span class='ocrx_word' id='word_1_154' title='bbox 232 2728 296 2804; x_wconf 85' lang='lat' dir='ltr'><strong>quis</strong></span> <span class='ocrx_word' id='word_1_155' title='bbox 312 2728 365 2788; x_wconf 89' lang='lat' dir='ltr'><strong>iste</strong></span> <span class='ocrx_word' id='word_1_156' title='bbox 382 2727 466 2788; x_wconf 89' lang='lat' dir='ltr'><strong>luror</strong></span> <span class='ocrx_word' id='word_1_157' title='bbox 482 2726 543 2787; x_wconf 82' lang='lat' dir='ltr'><strong>est?</strong></span> 
     </span>
    </p>

    <p class='ocr_par' dir='ltr' id='par_1_25' title="bbox 110 2809 1012 2888">
     <span class='ocr_line' id='line_1_31' title="bbox 110 2809 1012 2888; baseline -0.009 -18"><span class='ocrx_word' id='word_1_158' title='bbox 110 2825 229 2871; x_wconf 73' lang='lat' dir='ltr'><strong>uultu.</strong></span> <span class='ocrx_word' id='word_1_159' title='bbox 573 2828 659 2888; x_wconf 83' lang='lat' dir='ltr'><strong>quem</strong></span> <span class='ocrx_word' id='word_1_160' title='bbox 676 2827 760 2870; x_wconf 89' lang='lat' dir='ltr'><strong>meus</strong></span> <span class='ocrx_word' id='word_1_161' title='bbox 781 2813 911 2870; x_wconf 80' lang='lat' dir='ltr'><strong>coniunx</strong></span> <span class='ocrx_word' id='word_1_162' title='bbox 932 2809 1012 2869; x_wconf 88' lang='lat' dir='ltr'><strong>docet.</strong></span> 
     </span>
    </p>
   </div>
   <div class='ocr_carea' id='block_1_4' title="bbox 109 3026 1020 3570">
    <p class='ocr_par' dir='ltr' id='par_1_26' title="bbox 109 3026 1020 3570">
     <span class='ocr_line' id='line_1_32' title="bbox 177 3026 1014 3095; baseline -0.002 -15"><span class='ocrx_word' id='word_1_163' title='bbox 177 3034 227 3081; x_wconf 82' lang='grc'><strong>419</strong></span> <span class='ocrx_word' id='word_1_164' title='bbox 248 3039 309 3095; x_wconf 81' lang='lat' dir='ltr'><strong>post</strong></span> <span class='ocrx_word' id='word_1_165' title='bbox 332 3033 382 3080; x_wconf 78' lang='lat'><strong>420</strong></span> <span class='ocrx_word' id='word_1_166' title='bbox 407 3038 506 3092; x_wconf 78' lang='lat' dir='ltr'><strong>trecop.</strong></span> <span class='ocrx_word' id='word_1_167' title='bbox 530 3030 607 3082; x_wconf 83' lang='lat' dir='ltr'><strong>NHo.</strong></span> <span class='ocrx_word' id='word_1_168' title='bbox 637 3030 723 3080; x_wconf 86' lang='lat' dir='ltr'><strong>Vilis</strong></span> <span class='ocrx_word' id='word_1_169' title='bbox 747 3045 799 3079; x_wconf 85' lang='lat' dir='ltr'><strong>noo</strong></span> <span class='ocrx_word' id='word_1_170' title='bbox 823 3028 901 3078; x_wconf 90' lang='lat' dir='ltr'><strong>illum</strong></span> <span class='ocrx_word' id='word_1_171' title='bbox 920 3029 988 3079; x_wconf 71' lang='lat' dir='ltr'><strong>ulls.</strong></span> <span class='ocrx_word' id='word_1_172' title='bbox 1004 3026 1014 3083; x_wconf 98' lang='grc' dir='ltr'><strong>ΙΙ</strong></span> 
     </span>
     <span class='ocr_line' id='line_1_33' title="bbox 111 3094 1016 3162; baseline -0.006 -16"><span class='ocrx_word' id='word_1_173' title='bbox 111 3100 161 3148; x_wconf 80' lang='lat'><strong>423</strong></span> <span class='ocrx_word' id='word_1_174' title='bbox 180 3099 209 3147; x_wconf 85' lang='lat' dir='ltr'><strong>Si</strong></span> <span class='ocrx_word' id='word_1_175' title='bbox 228 3114 282 3160; x_wconf 87' lang='lat' dir='ltr'><strong>qua</strong></span> <span class='ocrx_word' id='word_1_176' title='bbox 303 3104 345 3148; x_wconf 87' lang='lat' dir='ltr'><strong>est</strong></span> <span class='ocrx_word' id='word_1_177' title='bbox 364 3113 424 3162; x_wconf 84' lang='lat' dir='ltr'><strong>neg.</strong></span> <span class='ocrx_word' id='word_1_178' title='bbox 444 3115 465 3148; x_wconf 86' lang='grc' dir='ltr'><em>ω</em></span> <span class='ocrx_word' id='word_1_179' title='bbox 502 3097 611 3161; x_wconf 80' lang='lat' dir='ltr'><strong>capitur</strong></span> <span class='ocrx_word' id='word_1_180' title='bbox 629 3099 654 3147; x_wconf 83' lang='grc' dir='ltr'><em>Α</em></span> <span class='ocrx_word' id='word_1_181' title='bbox 672 3099 738 3148; x_wconf 86' lang='lat' dir='ltr'><strong>Poll.</strong></span> <span class='ocrx_word' id='word_1_182' title='bbox 758 3100 912 3148; x_wconf 81' lang='lat' dir='ltr'><strong>uetustiores</strong></span> <span class='ocrx_word' id='word_1_183' title='bbox 931 3094 1016 3147; x_wconf 73' lang='lat' dir='ltr'><strong>morl</strong></span> 
     </span>
     <span class='ocr_line' id='line_1_34' title="bbox 112 3158 1015 3231; baseline 0 -16"><span class='ocrx_word' id='word_1_184' title='bbox 112 3166 160 3227; x_wconf 71' lang='lat' dir='ltr'><strong>(ip</strong></span> <span class='ocrx_word' id='word_1_185' title='bbox 178 3167 285 3228; x_wconf 87' lang='lat' dir='ltr'><strong>rapitur</strong></span> <span class='ocrx_word' id='word_1_186' title='bbox 303 3168 392 3216; x_wconf 82' lang='lat' dir='ltr'><strong>Ar&#39;rrd.</strong></span> <span class='ocrx_word' id='word_1_187' title='bbox 408 3182 460 3217; x_wconf 87' lang='lat' dir='ltr'><strong>err.</strong></span> <span class='ocrx_word' id='word_1_188' title='bbox 487 3164 534 3227; x_wconf 84' lang='lat' dir='ltr'><strong>u?)</strong></span> <span class='ocrx_word' id='word_1_189' title='bbox 549 3170 576 3213; x_wconf 87' lang='lat' dir='ltr'><strong>et</strong></span> <span class='ocrx_word' id='word_1_190' title='bbox 589 3166 617 3213; x_wconf 91' lang='lat' dir='ltr'><strong>in</strong></span> <span class='ocrx_word' id='word_1_191' title='bbox 630 3182 655 3229; x_wconf 89' lang='lat' dir='ltr'><strong>p.</strong></span> <span class='ocrx_word' id='word_1_192' title='bbox 670 3165 725 3214; x_wconf 85' lang='lat' dir='ltr'><strong>f.R</strong></span> <span class='ocrx_word' id='word_1_193' title='bbox 745 3158 1015 3231; x_wconf 66' lang='lat' dir='ltr'><strong>11425etholiuw¹l</strong></span> 
     </span>
     <span class='ocr_line' id='line_1_35' title="bbox 109 3227 1018 3297; baseline -0.001 -16"><span class='ocrx_word' id='word_1_194' title='bbox 109 3235 159 3282; x_wconf 75' lang='lat'><strong>429</strong></span> <span class='ocrx_word' id='word_1_195' title='bbox 179 3234 305 3297; x_wconf 84' lang='lat' dir='ltr'><strong>quotiens</strong></span> <span class='ocrx_word' id='word_1_196' title='bbox 324 3249 403 3284; x_wconf 87' lang='lat' dir='ltr'><strong>socer</strong></span> <span class='ocrx_word' id='word_1_197' title='bbox 421 3251 442 3283; x_wconf 89' lang='grc' dir='ltr'>ω</span> <span class='ocrx_word' id='word_1_198' title='bbox 466 3232 617 3295; x_wconf 84' lang='lat' dir='ltr'><strong>quisquis</strong></span> <span class='ocrx_word' id='word_1_199' title='bbox 636 3248 716 3282; x_wconf 87' lang='lat' dir='ltr'><strong>socer</strong></span> <span class='ocrx_word' id='word_1_200' title='bbox 733 3233 810 3286; x_wconf 82' lang='lat' dir='ltr'><strong>NHo.</strong></span> <span class='ocrx_word' id='word_1_201' title='bbox 829 3227 1018 3284; x_wconf 68' lang='lat' dir='ltr'><strong>conciliem!</strong></span> 
     </span>
     <span class='ocr_line' id='line_1_36' title="bbox 110 3298 1019 3366; baseline 0.003 -16"><span class='ocrx_word' id='word_1_202' title='bbox 110 3318 132 3353; x_wconf 83' lang='lat' dir='ltr'><strong>u.</strong></span> <span class='ocrx_word' id='word_1_203' title='bbox 147 3304 213 3350; x_wconf 75' lang='lat'><em>1174</em></span> <span class='ocrx_word' id='word_1_204' title='bbox 226 3298 236 3366; x_wconf 84' lang='grc' dir='ltr'><strong>ΙΙ</strong></span> <span class='ocrx_word' id='word_1_205' title='bbox 249 3303 298 3351; x_wconf 87' lang='grc'><strong>430</strong></span> <span class='ocrx_word' id='word_1_206' title='bbox 317 3317 370 3351; x_wconf 92' lang='lat' dir='ltr'><strong>non</strong></span> <span class='ocrx_word' id='word_1_207' title='bbox 391 3302 433 3350; x_wconf 83' lang='lat' dir='ltr'><strong>fit</strong></span> <span class='ocrx_word' id='word_1_208' title='bbox 452 3301 519 3350; x_wconf 86' lang='lat' dir='ltr'><strong>furit</strong></span> <span class='ocrx_word' id='word_1_209' title='bbox 537 3301 612 3348; x_wconf 68' lang='lat' dir='ltr'><strong>ulis.</strong></span> <span class='ocrx_word' id='word_1_210' title='bbox 633 3301 701 3349; x_wconf 86' lang='lat' dir='ltr'><strong>furit</strong></span> <span class='ocrx_word' id='word_1_211' title='bbox 718 3303 743 3350; x_wconf 88' lang='lat' dir='ltr'><em>A</em></span> <span class='ocrx_word' id='word_1_212' title='bbox 757 3301 780 3350; x_wconf 84' lang='lat' dir='ltr'><em>R</em></span> <span class='ocrx_word' id='word_1_213' title='bbox 790 3303 827 3364; x_wconf 80' lang='lat' dir='ltr'><strong>p?</strong></span> <span class='ocrx_word' id='word_1_214' title='bbox 839 3303 912 3366; x_wconf 70' lang='lat' dir='ltr'><strong>Moy.</strong></span> <span class='ocrx_word' id='word_1_215' title='bbox 931 3299 1019 3353; x_wconf 79' lang='lat' dir='ltr'><strong>ferito</strong></span> 
     </span>
     <span class='ocr_line' id='line_1_37' title="bbox 110 3366 1020 3434; baseline -0.002 -16"><span class='ocrx_word' id='word_1_216' title='bbox 110 3369 180 3418; x_wconf 86' lang='lat' dir='ltr'><strong>fecit</strong></span> <span class='ocrx_word' id='word_1_217' title='bbox 192 3371 258 3418; x_wconf 86' lang='lat' dir='ltr'><strong>Pull.</strong></span> <span class='ocrx_word' id='word_1_218' title='bbox 273 3373 432 3419; x_wconf 75' lang='lat' dir='ltr'><strong>uetustiores.</strong></span> <span class='ocrx_word' id='word_1_219' title='bbox 447 3366 520 3434; x_wconf 72' lang='lat'>{1432</span> <span class='ocrx_word' id='word_1_220' title='bbox 539 3367 703 3418; x_wconf 81' lang='lat' dir='ltr'><strong>stimuletur</strong></span> <span class='ocrx_word' id='word_1_221' title='bbox 723 3367 896 3433; x_wconf 73' lang='lat' dir='ltr'><strong>(typoproplri</strong></span> <span class='ocrx_word' id='word_1_222' title='bbox 904 3369 1020 3434; x_wconf 79' lang='lat' dir='ltr'><strong>oplobuo}</strong></span> 
     </span>
     <span class='ocr_line' id='line_1_38' title="bbox 110 3431 1020 3570; baseline -0.001 -87"><span class='ocrx_word' id='word_1_223' title='bbox 110 3452 157 3567; x_wconf 70' lang='lat' dir='ltr'><strong>pap.</strong></span> <span class='ocrx_word' id='word_1_224' title='bbox 170 3437 234 3567; x_wconf 72' lang='lat' dir='ltr'><strong>ij.</strong></span> <span class='ocrx_word' id='word_1_225' title='bbox 249 3433 270 3554; x_wconf 41' lang='lat' dir='ltr'><strong>liti</strong></span> <span class='ocrx_word' id='word_1_226' title='bbox 288 3438 339 3570; x_wconf 43' lang='lat'><strong>338</strong></span> <span class='ocrx_word' id='word_1_227' title='bbox 358 3453 442 3501; x_wconf 79' lang='lat' dir='ltr'><strong>perge</strong></span> <span class='ocrx_word' id='word_1_228' title='bbox 462 3453 482 3486; x_wconf 84' lang='lat' dir='ltr'><strong>m</strong></span> <span class='ocrx_word' id='word_1_229' title='bbox 501 3451 614 3501; x_wconf 83' lang='lat' dir='ltr'><strong>perege</strong></span> <span class='ocrx_word' id='word_1_230' title='bbox 633 3438 734 3500; x_wconf 80' lang='lat' dir='ltr'><strong>scripsi.</strong></span> <span class='ocrx_word' id='word_1_231' title='bbox 756 3431 766 3500; x_wconf 77' lang='grc' dir='ltr'>Η</span> <span class='ocrx_word' id='word_1_232' title='bbox 790 3439 842 3489; x_wconf 87' lang='grc'><strong>440</strong></span> <span class='ocrx_word' id='word_1_233' title='bbox 859 3453 958 3504; x_wconf 86' lang='lat' dir='ltr'><strong>nempe</strong></span> <span class='ocrx_word' id='word_1_234' title='bbox 976 3433 1020 3485; x_wconf 86' lang='lat' dir='ltr'><strong>alc.</strong></span> 
     </span>
     <span class='ocr_line' id='line_1_39' title="bbox 122 3510 216 3554; baseline 0.021 -2"><span class='ocrx_word' id='word_1_235' title='bbox 122 3518 168 3553; x_wconf 75' lang='lat' dir='ltr'><strong>ont</strong></span> <span class='ocrx_word' id='word_1_236' title='bbox 190 3510 216 3554; x_wconf 90' lang='lat' dir='ltr'><strong>et</strong></span> 
     </span>
    </p>
   </div>
   <div class='ocr_carea' id='block_1_5' title="bbox 0 0 1168 3922">
    <p class='ocr_par' dir='ltr' id='par_1_27' title="bbox 0 0 1168 3922">
     <span class='ocr_line' id='line_1_40' title="bbox 0 0 1168 3922; baseline 0 0"><span class='ocrx_word' id='word_1_237' title='bbox 0 0 1168 3922; x_wconf 95' lang='lat' dir='ltr'><strong> </strong></span> 
     </span>
    </p>
   </div>
  </div>
 </body>
</html>
