2326 3922
128 203 193 266 240
410 216 441 264 n.
458 189 590 263 sunum
606 213 764 262 sennenn

96 367 113 416 b
175 355 306 416 Vicienta
321 373 409 415 nemo
425 356 549 432 imperia
565 354 709 415 continuit
724 353 789 425 diu,

131 442 283 502 moderata
299 441 407 500 durent
422 457 539 518 qunque
555 439 674 499 icrtnnn
690 437 779 498 nitius

132 528 230 587 euenit
245 543 280 585 ac
294 525 406 586 leuauit
419 524 563 584 humanas
578 542 667 602 opes,

131 611 189 671 hcc
204 629 235 670 se
253 611 345 687 magis
360 609 546 688 supprimere
562 606 678 669 felicem
694 607 780 668 decet

133 697 290 772 uariosque
306 713 392 754 casus
406 701 537 754 tremere
552 699 735 753 metuentem
751 690 824 752 deos

132 783 253 840 nimium
271 780 413 839 fauentes.
445 794 550 854 magna
567 785 719 839 momento
735 775 822 837 obrui
901 833 904 840 .

132 865 277 925 uincendo
295 863 392 923 didici.
899 864 903 870 ¹

436 947 524 1007 Trcia
541 962 595 1007 nos
610 945 738 1023 tumidos
753 944 824 1005 iacit

133 1035 254 1093 nimium
271 1050 305 1090 nc
322 1032 455 1091 feroces?
479 1037 590 1091 stamus
606 1030 663 1090 lrcc
678 1029 770 1090 Danai
785 1028 851 1090 loco

133 1117 211 1177 unde
226 1114 273 1177 ilie
291 1116 405 1176 cecidit.
440 1116 534 1175 intecr
550 1113 709 1191 aliqnando
725 1115 860 1192 inpotens

133 1219 225 1278 regno
242 1219 276 1260 nc
292 1199 438 1278 superbus
452 1199 539 1259 nitius
554 1206 666 1261 memet
680 1197 748 1268 tuii,
832 1214 842 1230 ³

133 1287 183 1346 sed
200 1286 287 1362 fregit
300 1284 367 1344 iiics
382 1285 502 1361 spiritus
517 1285 591 1344 haec
607 1303 682 1364 quae
697 1283 768 1343 dare

133 1372 275 1447 potuisset
290 1369 354 1429 aliis
371 1387 458 1428 censa
476 1369 611 1429 fortunae
629 1368 723 1429 sanor.

99 1479 116 1512 a
179 1454 241 1534 [Tu
255 1472 301 1514 me
315 1456 475 1528 superbum
491 1456 614 1514 Priame
629 1461 662 1514 tu
676 1455 812 1514 timidum
823 1449 935 1530 suein]

134 1557 188 1614 ego
206 1557 269 1598 esse
286 1540 442 1616 quicquam
459 1545 575 1617 sceptra
591 1539 647 1597 nisi
663 1555 739 1598 nnnc
755 1543 856 1615 putem

134 1621 249 1700 iuigcre
265 1631 374 1683 tectum
391 1640 500 1682 nomen
517 1628 546 1682 et
561 1621 634 1682 inlsc
651 1639 765 1682 comem

134 1706 232 1767 uineic
249 1707 425 1767 decentem?
449 1724 535 1767 casus
550 1706 624 1766 haec
639 1707 734 1784 rapiet
749 1704 849 1766 breuis

134 1809 189 1851 nec
206 1790 284 1851 miile
300 1792 399 1852 forsan
415 1791 529 1851 ratibus
544 1790 694 1851 antennis
709 1790 822 1850 decem.

101 1874 124 1932 a'
177 1875 242 1935 Ncn
258 1875 395 1935 omnibus
411 1876 529 1935 icrtunn
546 1883 604 1935 tum
620 1874 699 1935 lente
714 1875 846 1935 inminet.

134 1961 271 2037 equidem
288 1959 403 2019 intebcr
420 1960 503 2038 (pace
521 1960 629 2019 dixisse
644 1959 702 2018 hcc
715 1967 765 2019 tun

135 2046 234 2121 argina
252 2043 337 2103 telius
353 2042 447 2122 licent)
465 2044 564 2122 adfligi
581 2044 712 2124 Phrygas

135 2130 270 2206 uincique
286 2127 382 2198 uolui,
400 2147 489 2189 ruere
504 2138 532 2190 et
548 2130 669 2208 aequari
684 2126 747 2188 scic

137 2214 445 2274 mmmmm
675 2213 745 2294 ‚'

100 2305 128 2354 b·
481 2297 538 2358 Sed
554 2297 618 2374 regi
634 2297 725 2356 irenis
740 2297 842 2374 nequit

137 2391 166 2442 et
181 2384 221 2441 irs
240 2388 268 2441 et
284 2382 391 2442 ardens
406 2381 499 2441 hostis
515 2388 544 2441 et
559 2382 684 2441 uictoria

137 2467 283 2526 conmissa
300 2467 389 2525 nocti.
421 2465 559 2543 quicquid
575 2466 728 2542 indignum
745 2472 795 2524 aut
809 2464 907 2524 ferum

137 2552 271 2628 cuiquam
290 2551 383 2610 uideri
399 2552 508 2626 potnit,
527 2550 583 2609 ircc
598 2550 668 2609 fecit
684 2548 767 2608 doicr

136 2634 336 2711 tenebraeque
352 2652 405 2712 per
421 2653 494 2713 quas
510 2636 575 2710 ipse
592 2653 623 2694 se
640 2634 738 2694 inritet
754 2633 837 2692 iurcr

138 2716 311 2795 gladiusque
328 2718 394 2778 ieiix
412 2721 495 2779 cuius
510 2718 611 2778 iniecti
628 2716 719 2778 semei

135 2820 260 2862 uaeccrs
276 2802 366 2863 libido
383 2810 435 2864 est.

102 2885 128 2943 b'
467 2887 613 2967 Quicquid
630 2903 753 2947 euersae
768 2893 865 2965 potest

137 2989 294 3048 superesse
309 2971 416 3032 Troiae
433 2980 564 3033 manent:
583 2978 715 3032 exactum
732 2972 802 3030 satis

137 3073 300 3133 poenarum
317 3065 346 3116 et
360 3057 436 3117 ultre
453 3064 506 3117 est.
538 3058 618 3134 regia
635 3064 667 3116 ut
681 3056 766 3132 uirgo
783 3054 898 3115 occidat

139 3177 209 3182 -w
223 3177 340 3185 ——-—·--

205 3228 254 3276 273
267 3225 387 3275 timidos
400 3227 434 3274 Li
452 3241 473 3274 s.
487 3226 557 3288 Moy.
577 3225 646 3274 fecit
658 3231 696 3285 εψ
714 3223 785 3273 facis
799 3223 822 3272 A
847 3218 859 3287 Η
881 3223 933 3272 278
951 3221 1018 3273 aliis
1031 3221 1054 3270 E

137 3293 187 3342 elii
205 3295 230 3343 A
246 3289 257 3358 Η
274 3296 323 3343 279
342 3295 416 3351 eieci.
432 3243 582 3358 ptimidum
601 3310 622 3342 ω
640 3291 772 3340 tumidum
791 3292 875 3340 neseio
895 3292 952 3354 quis
973 3286 986 3356 [l
1006 3291 1055 3340 282

136 3366 276 3424 tegentem
289 3368 312 3422 ψ
324 3356 336 3426 Η
346 3361 400 3410 hoc
417 3356 465 3422 ψΙΙ
480 3360 571 3423 rapiet
584 3359 634 3408 ΕΑ
654 3359 727 3422 rupit
745 3353 793 3423 qil
808 3358 859 3407 285
876 3357 931 3407 hoc
948 3357 1055 3408 dixisse

135 3426 183 3493 dil
199 3431 249 3480 288
268 3429 360 3477 Etiam
379 3445 400 3478 ω
418 3427 542 3476 'froiam
560 3426 685 3476 Swoboda
697 3423 709 3490 ΙΙ
725 3424 879 3490 arguissem
896 3442 918 3476 ω
938 3426 1056 3475 arcuis-

137 3509 194 3544 sem
207 3498 311 3560 Lipsius
322 3492 334 3560 Ι]
346 3497 395 3545 292
408 3496 468 3558 ipse
482 3509 511 3543 se
525 3494 549 3543 A
561 3491 620 3556 (cci)
639 3508 668 3544 ce
681 3508 728 3544 om.
741 3491 766 3541 E
783 3492 844 3557 ipse
856 3501 940 3555 cmm
964 3488 978 3558 ΙΙ
