2326 3922
424 235 467 281 ,In
485 234 616 282 ANNAEI
631 233 789 282 SENECAE

350 373 443 435 Nullis
459 379 527 433 nota
544 373 706 445 Quiritibus

308 467 388 519 aetas
402 478 457 538 per
473 460 593 518 tacitum
610 458 691 518 fluat.

307 547 350 605 sic
366 562 432 604 cum
449 545 620 603 transierint
636 543 693 602 mei

306 629 388 690 nuile
405 647 470 689 cum
487 630 610 705 strepitu
627 627 698 697 dies,

308 712 441 793 plebeius
457 715 567 773 moriar
582 730 683 773 senex.

352 881 396 942 illi
413 900 494 941 rnnrs
510 883 608 959 grauis
624 880 752 950 incubat,

309 968 359 1044 qui
375 975 484 1026 notus
500 968 585 1026 nimis
602 966 752 1037 omnibus,

308 1053 460 1126 ignotus
481 1053 608 1110 moritur
623 1050 689 1111 sihi.

191 1265 380 1315 THYESTES.
411 1265 603 1313 TANTALVS.
634 1265 852 1314 PLISTHENES
869 1266 1031 1314 TAOITVS.
1105 1317 1108 1323 ,

122 1420 139 1453 a
243 1390 347 1468 Optata
363 1392 477 1466 patriae
492 1394 567 1448 tecta
584 1396 613 1448 et
628 1388 771 1466 argolicas
787 1406 867 1468 opes.

155 1476 329 1552 miserisque
345 1491 493 1533 summurn
510 1491 545 1533 ac
560 1474 720 1542 maximum
737 1472 871 1534 exulibus
886 1472 1011 1544 bonum,
1094 1487 1144 1536 406

155 1566 282 1618 tractum
299 1557 354 1617 suli
369 1557 473 1617 natalis
489 1566 518 1617 et
533 1559 645 1635 patrius
661 1557 733 1618 deos

157 1644 192 1723 (si
206 1650 274 1703 sunt
289 1651 387 1703 tamen
403 1643 441 1719 di)
460 1661 559 1711 cerne,
576 1640 736 1721 Cyelopum
752 1661 852 1704 sacr-as

154 1736 253 1788 turres
269 1726 370 1787 labore
387 1729 481 1787 maius
498 1727 628 1786 humano
645 1727 744 1796 decus,

158 1811 307 1874 celebrata
324 1814 424 1872 iuueni
439 1811 530 1889 stadia
548 1830 601 1890 per
618 1830 692 1890 quae
708 1810 815 1873 nobilis

157 1897 285 1977 palmam
302 1905 425 1975 paterne
441 1915 501 1957 non
517 1895 608 1957 semel
625 1914 716 1957 curru
732 1896 794 1957 tuli.
1096 1911 1148 1958 410

128 1984 145 2033 b
205 1982 351 2042 Occurret
366 1984 474 2059 Argus,
491 1980 618 2058 populus
635 1989 773 2041 occurret
787 1982 937 2060 frequens,

155 2066 206 2126 sed
223 2085 331 2144 nenrpe
349 2074 377 2126 et
392 2069 507 2126 Atreus.
532 2073 634 2144 repete
652 2065 805 2126 siluestres
821 2067 905 2144 fugas

156 2151 305 2229 saltusque
322 2151 429 2211 densos
444 2151 540 2228 potius
557 2160 586 2209 et
601 2151 721 2209 mixtam
738 2150 811 2210 seris

156 2235 342 2315 sirnilernque
358 2238 459 2316 uitam.
488 2235 585 2295 clarus
601 2234 649 2294 hic
664 2236 749 2311 regni
766 2235 844 2294 niter

157 2320 271 2398 fulgore
287 2340 346 2381 non
363 2319 500 2400 estquod
518 2318 619 2378 ocules
635 2319 707 2378 falso
724 2320 848 2379 auierat.
1093 2330 1147 2378 415

158 2403 237 2489 [cum
253 2410 335 2481 qnod
347 2410 441 2467 datur
455 2406 613 2482 spectabis,
631 2411 660 2464 ct
675 2407 797 2464 dantem
813 2397 951 2484 adspice]

122 2506 137 2539 e
198 2490 283 2548 itudo
300 2493 375 2549 inter
391 2490 439 2550 illa
457 2509 531 2568 quae
548 2490 766 2565 putantcnncti
783 2506 889 2567 aspera

155 2574 239 2632 sortis
256 2575 296 2632 fui
312 2573 478 2650 laetusque,
496 2592 575 2634 nunc
592 2581 695 2632 centra
712 2573 742 2631 in
760 2582 855 2633 nretus

155 2657 312 2726 reuoiuor‚
329 2660 471 2718 anirnus
487 2657 619 2718 haeret
639 2675 674 2717 ac
689 2665 770 2716 retro
787 2660 867 2735 cupit

156 2760 264 2819 corpus
280 2743 402 2810 reterre,
419 2760 525 2801 menen
542 2743 693 2803 nolentem
710 2741 845 2819 gradum.
1093 2752 1144 2800 420

156 2840 258 2885 nanu.
283 2828 368 2903 pigra
385 2825 464 2906 (quid
480 2827 537 2886 hoe
553 2836 597 2886 est
606 2829 627 2905 i)
645 2829 760 2905 genitur
776 2829 894 2888 incessu
910 2834 1010 2905 stupet

224 3034 273 3081 396
298 3036 421 3094 notaque
446 3030 585 3079 coetibus
609 3033 639 3078 ei.
660 3030 805 3080 L.Muelier
836 3026 848 3096 l}
881 3032 939 3080 401.
958 3031 1008 3080 402
1038 3033 1077 3080 in·

155 3114 231 3148 uerso
250 3101 339 3148 ordine
358 3103 474 3161 tenuntur
492 3103 518 3146 in
535 3097 568 3153 E,
588 3113 655 3146 corr.
675 3102 691 3146 2
709 3101 750 3147 uei
768 3102 785 3148 3
803 3115 833 3147 m.
859 3101 953 3149 litteris
977 3101 1078 3149 adscri-

154 3169 216 3230 ptis.
253 3164 265 3233 ii
298 3167 441 3227 Thyestes,
466 3165 645 3228 Phylistenes
663 3166 689 3214 A
719 3166 917 3216 THYESTES.
942 3167 1078 3217 TANTA-

156 3234 232 3284 LVS.
252 3232 487 3284 PLISTHEVES.
506 3232 671 3283 TACITVS.
689 3233 714 3282 E
737 3230 749 3300 li
771 3235 821 3283 406
840 3239 947 3283 tactum
959 3234 1001 3284 Αε
1018 3238 1077 3283 irn-

157 3307 231 3351 ctum
250 3303 300 3352 Bc.
330 3299 342 3367 ΙΙ
370 3304 420 3350 412
444 3303 594 3364 subnempe
613 3300 638 3349 E
665 3307 775 3364 repetet
792 3301 818 3350 E
837 3305 862 3360 tt
882 3304 932 3351 dei.
952 3301 1030 3362 3nr.)
1053 3296 1067 3368 fl

156 3372 205 3421 415
224 3372 306 3435 quius
326 3370 395 3434 quod
408 3369 454 3419 Ea
472 3386 571 3419 uersum
583 3387 629 3420 om.
642 3387 683 3421 un.
697 3385 733 3420 ex
744 3371 820 3429 Part,
838 3385 856 3433 9
877 3365 890 3435 ΙΙ
918 3371 969 3420 416
987 3376 1076 3433 ᾳυοψ

157 3438 221 3500 quid
241 3440 282 3488 an
309 3438 419 3502 quodE
436 3455 536 3487 uersum
548 3439 596 3487 del.
611 3439 675 3491 ltP.
698 3433 710 3503 11
734 3439 783 3487 421
802 3436 870 3501 Phy.
885 3438 911 3487 A
930 3435 1076 3488 Teum

157 3503 205 3567 (sic
216 3523 266 3569 per
278 3513 355 3556 totum
367 3505 495 3571 scaenam)
518 3502 530 3570 ΙΙ
