2326 3922
154 206 218 271 252
436 223 467 267 n.
483 220 616 268 Annam
632 219 788 280 senecen

121 362 147 420 d'
200 375 254 421 VL.
280 360 372 422 Stulta
389 370 433 421 est
448 359 520 419 fides
536 358 633 419 celare
650 358 727 437 quod
744 358 853 437 prodas
868 359 980 420 statim.

155 460 261 506 ANDR.
287 446 417 506 animosa
434 444 531 504 mdios
547 452 641 504 mater
656 443 782 504 admittit
797 450 903 504 metus.

156 544 212 590 vn.
237 531 285 590 hic
301 532 364 606 ipse
381 547 440 606 qno
456 547 536 590 nunc
552 539 710 588 contumax
724 537 839 605 perstas
855 547 939 589 amor

156 614 312 675 consulere
328 615 429 693 paruis
445 613 546 673 liberis
561 613 676 673 Danaos
691 621 802 672 mouet..

153 707 223 778 post
238 718 318 759 arma
335 708 393 760 tam
409 698 567 775 longinqua
584 708 651 775 post
666 714 759 757 annos
774 696 878 757 decem

155 787 252 853 minus
268 786 402 844 timerem
419 801 492 860 qnos
509 783 577 842 facit
592 780 714 842 Calchas
730 789 840 850 metue,

155 870 179 927 si
194 868 266 928 mihi
283 870 431 928 timerem:
449 866 524 927 belia
540 865 718 927 Telemacho
732 883 829 944 paras.

123 955 157 1014 e''
201 967 306 1012 Anne.
330 953 423 1013 inuita
441 950 536 1011 Vlixes
551 951 689 1028 gandium
706 951 813 1010 Danais
829 949 920 1011 dabo:

156 1038 285 1097 dandum
302 1044 354 1096 est.
386 1037 478 1096 tatere
494 1055 568 1114 quos
585 1037 696 1114 premis
710 1033 808 1095 luctus
823 1035 917 1116 dolor.

156 1122 281 1199 gaudete
296 1121 416 1181 Atridae
431 1130 521 1199 tuque
536 1120 675 1188 laetifica,
693 1128 725 1181 nt
739 1119 831 1189 soles,

154 1208 235 1266 refer
251 1204 396 1283 Pelasgis:
414 1205 549 1265 Hectoris
566 1204 665 1283 proles
681 1204 751 1264 obit.

155 1305 209 1350 vn.
235 1288 264 1350 et
280 1308 344 1349 esse
361 1308 466 1351 nerum
483 1290 539 1350 hoc
555 1309 611 1368 qna
627 1288 738 1367 probas
752 1289 860 1348 Danais
874 1288 952 1348 tide?

120 1386 133 1433 f
198 1389 303 1434 ANDR.
328 1375 369 1434 ita
386 1375 464 1452 qnod
480 1376 587 1435 minari
603 1376 761 1434 maximum
778 1375 874 1434 uictor
888 1383 989 1451 potest

156 1462 307 1536 contingat
322 1466 351 1520 et
366 1479 413 1519 me
430 1459 486 1519 iata
502 1468 618 1519 maturo
634 1461 713 1518 exitu

155 1544 290 1622 facilique
306 1543 422 1604 soinant
438 1561 471 1603 ac
488 1562 553 1602 meo
570 1544 698 1603 condant
711 1541 774 1601 solo

156 1638 185 1689 et
200 1631 292 1705 patria
309 1628 394 1688 teitus
409 1628 567 1696 Hectorem
584 1627 691 1688 leuiter
708 1635 837 1705 premat,

120 1716 140 1773 f'
198 1715 232 1772 Vt
247 1713 314 1772 lnce
330 1715 435 1772 carnit.
467 1715 546 1773 inter
562 1713 707 1772 extinctos
722 1714 799 1772 iacet
867 1739 874 1746 ·

157 1799 299 1875 datusque
315 1797 428 1857 tumulo
445 1797 542 1858 debita
560 1797 701 1857 exanimis
717 1796 789 1857 tulit.

155 1897 211 1941 VL.
236 1882 350 1958 expleta
368 1883 424 1942 iata
441 1885 534 1960 stirpe
550 1881 664 1942 sublata
680 1880 816 1941 Hectoris

155 1967 338 2045 solidamque
354 1984 456 2044 pacem
472 1965 566 2026 iaetus
581 1966 617 2026 ad
634 1967 749 2026 Danaos
765 1965 857 2025 seram
872 2000 916 2011 -

120 2062 136 2111 d
198 2051 272 2120 Quid
289 2053 350 2129 agis
366 2050 488 2111 Vlixei
512 2051 660 2111 Danaidae
677 2050 799 2109 credent
815 2049 885 2109 tibi?

156 2145 184 2196 tn
202 2137 269 2195 cni?
292 2137 418 2214 parenti.
448 2136 532 2212 tingit
547 2154 583 2195 an
600 2137 754 2212 quisquam
770 2134 827 2193 boc
843 2152 953 2210 parens

154 2239 210 2281 nec
226 2220 440 2280 abominandae
456 2221 559 2280 mortis
575 2221 739 2297 auspicium
754 2219 861 2296 pauet?

154 2307 282 2383 auspicia
300 2311 434 2364 metuunt
451 2305 499 2381 qui
516 2304 588 2363 nihii
605 2305 699 2364 mains
718 2305 830 2363 timent.

153 2389 240 2450 tidem
257 2388 395 2465 adliganit
411 2389 599 2449 iureiurando
615 2407 707 2448 snam.

153 2476 178 2532 si
195 2475 318 2551 peierat,
336 2475 440 2532 timere
456 2473 523 2550 quid
540 2474 660 2549 granius
676 2472 792 2550 potest?

119 2560 144 2616 d
198 2558 282 2617 Nunc
298 2559 408 2618 adnoca
424 2569 505 2618 astus
520 2559 617 2618 anime
635 2576 712 2618 minc
728 2557 846 2617 fraudes
862 2557 961 2626 dolos,

221 2829 270 2877 596
283 2828 339 2876 VL.
357 2830 378 2875 A
397 2835 475 2877 extra
488 2843 586 2876 uersum
599 2827 624 2875 E
635 2834 717 2890 onam
734 2824 745 2892 ΙΙ
761 2828 801 2877 hic
813 2829 904 2893 ieyr’tnr
915 2843 1008 2877 nereus
1019 2829 1069 2877 ΕΑ

153 2896 215 2944 Ru
228 2895 263 2943 [I
269 2897 332 2944 Pati.
352 2911 432 2959 snpra
445 2902 503 2944 ante
516 2913 539 2946 u.
554 2897 603 2944 591
615 2902 638 2957 ψ
658 2897 815 2958 transposuit
832 2901 892 2959 post
909 2913 935 2945 u.
949 2899 999 2947 697
1018 2897 1070 2946 rta-

70 2964 74 2973 ’
151 2964 298 3026 pltelenoios
314 2959 326 3028 H
342 2965 391 3012 597
410 2963 494 3012 AND.
513 2963 538 3011 E
556 2979 602 3014 oro.
614 2963 638 3011 A
658 2963 714 3012 VL.
730 2959 774 3028 [tn
791 2963 914 3012 admittit
927 2963 953 3011 Ε
971 2963 1069 3013 admit-

152 3026 316 3095 tisA11598
335 3031 405 3082 VLI.
426 3031 450 3079 E
463 3047 509 3080 om.
524 3031 548 3079 A
565 3027 577 3096 [l
593 3031 720 3095 pertinax
739 3026 781 3093 nt
806 3033 855 3080 599
874 3035 968 3080 mouet
982 3048 1026 3096 pr.
1039 3048 1070 3081 m.

152 3105 179 3146 ot
191 3100 291 3146 uidetur
304 3099 356 3159 Εψ
375 3104 467 3147 monet
481 3097 504 3146 A
518 3096 528 3162 ii
546 3101 595 3148 699
607 3103 664 3147 tam
677 3115 725 3149 om.
737 3098 763 3146 E
779 3095 785 3162 Ι
807 3100 856 3148 601
870 3099 942 3147 facit
955 3099 980 3147 Ε
998 3101 1071 3150 sacis

152 3165 176 3213 A
190 3162 201 3230 ΙΙ
213 3167 262 3214 693
275 3167 358 3215 AND.
379 3183 424 3217 om.
445 3182 462 3216 α
474 3162 487 3231 H
498 3166 590 3216 Inuita
608 3165 673 3214 Ε11Ε
691 3166 792 3215 Immiti
809 3167 834 3216 A
846 3163 858 3231 ΙΙ
874 3165 965 3216 ulixes
982 3165 1069 3231 (eraso

152 3232 195 3296 si)
208 3232 233 3280 E
251 3234 344 3295 Vlyssi
356 3234 422 3282 AliE
434 3231 445 3300 d
459 3250 492 3282 ae
504 3235 612 3283 Danais
625 3235 649 3281 A
662 3249 696 3282 ac
709 3250 756 3283 om.
771 3232 795 3281 Ε
807 3229 818 3299 Η
831 3235 880 3284 696
891 3234 967 3283 soles
980 3235 1030 3298 (tit.
1041 3249 1070 3284 es

152 3318 182 3352 m.
192 3299 257 3366 sec.)
269 3301 292 3350 Ε
304 3296 315 3367 ii
328 3303 377 3351 699
390 3303 439 3350 ite
452 3319 494 3352 me
505 3303 630 3352 Smododo
641 3297 653 3366 ΙΙ
665 3303 713 3350 611
727 3301 845 3366 patriam
857 3302 883 3351 Ε
894 3297 906 3368 Η
918 3302 968 3351 612
981 3303 1072 3352 carnit

152 3369 203 3417 EA
224 3374 301 3418 earet
319 3374 349 3418 ut
367 3370 407 3418 Md
427 3370 487 3419 luce
508 3385 604 3420 cassus
623 3373 736 3418 nonrndti
752 3371 826 3419 codd.
846 3377 865 3419 t.
887 3369 963 3422 NHr.
986 3366 999 3436 ΙΙ
1023 3371 1072 3420 616

153 3437 236 3486 deinoi
255 3438 299 3486 dic
318 3438 343 3486 Ε
365 3438 400 3485 D.
420 3437 460 3485 da
480 3439 554 3486 NHs.
579 3436 724 3486 Danaidae
745 3433 797 3502 ΑΗ
813 3438 862 3486 617
881 3438 1029 3502 quisquam
1047 3435 1072 3486 Ε

152 3505 301 3567 quidquam
321 3507 344 3554 A
358 3500 369 3569 Η
383 3504 433 3554 hoc
446 3505 472 3553 Ε
489 3522 535 3557 om.
550 3506 573 3553 A
587 3501 599 3570 ΙΙ
610 3506 658 3553 621
677 3506 799 3569 perierat
815 3516 839 3569 ψ
862 3501 874 3572 d
