2326 3922
441 194 641 243 PRAEFATIO
922 197 1021 247 XXXV

130 349 293 428 Rehdig.
316 352 334 408 S
356 368 368 408 r
391 353 423 415 6,
447 353 486 411 13
513 353 560 409 ib.
584 356 671 410 Annei
692 353 811 412 Senecae
833 357 1018 431 Tragoediae'

79 438 232 578 ‚lpdfinzbart
247 453 321 494 xrur
337 454 407 494 saec.
430 455 472 495 en.
488 439 536 495 lol.
568 442 737 512 Argumenta
757 439 885 497 librarius
906 442 1017 501 addidit.

100 619 248 684 Expliciut
260 618 388 684 tragedie
403 618 589 684 contemplate
601 634 651 682 per
662 636 767 686 megrm
780 621 883 687 Doicu3

138 687 172 738 de
185 687 303 738 domiors
315 686 349 736 de
363 701 493 737 cremone
505 685 581 736 ordii
591 687 640 738 bie
652 689 742 738 Morio
756 689 789 738 de

137 759 231 804 monte
245 753 374 808 carmelo.
400 753 567 804 Consumto
579 770 598 819 p
609 758 682 807 man’
696 756 843 808 anselmini

137 823 171 872 de
184 821 345 888 raymondis
358 820 438 872 Anno
451 822 531 871 dniee
542 822 720 874 IncuruatoIs

136 905 209 940 neco
223 889 414 954 octuagesimo
427 894 505 940 sexto
519 890 562 939 dic
574 890 654 942 decio
668 895 769 942 octavo
781 890 859 955 maij.

79 979 141 1037 laec
156 978 259 1035 addidit
273 993 330 1034 rec.
348 993 398 1032 m.:

98 1078 160 1128 Iste
172 1075 299 1141 tragedie
313 1055 339 1126 St
351 1073 406 1125 mei
423 1109 554 1124 .........
568 1077 701 1126 morantis

135 1143 253 1209 paduer
268 1143 325 1193 ufic
337 1141 446 1191 locnrco
459 1139 493 1206 (i)
508 1156 576 1205 quas
589 1142 733 1208 tragedias
746 1159 798 1209 ego

136 1212 320 1262 accomodaui
331 1209 428 1276 magr'o
441 1209 574 1260 Tomsxio
588 1210 621 1260 do
633 1210 808 1265 Zachunato.

132 1313 294 1391 Rebdig.
324 1315 413 1377 816,
432 1313 471 1369 14
493 1313 678 1388 ‘Tragoedias
699 1331 814 1372 senecae
835 1332 896 1372 curn
916 1318 1017 1390 glossis

79 1401 171 1459 licolai
183 1401 304 1459 Traueth
319 1400 426 1457 Ordinis
441 1398 664 1456 Praedicatorum
680 1398 708 1455 in
722 1399 839 1474 Anglia'
854 1401 914 1458 cod.
929 1403 1015 1460 chart.

79 1504 138 1545 aec.
153 1503 236 1544 x1111.
274 1486 443 1560 Argumenta
465 1491 493 1541 et
507 1486 713 1542 commentarius
727 1493 889 1560 perpetuus.
920 1487 979 1544 rot.
997 1488 1014 1544 1

79 1571 117 1629 ol.
136 1572 156 1628 1
176 1572 314 1645 Incipiunt
336 1570 458 1644 tragedie
480 1585 578 1626 senece
598 1569 707 1645 glosate
726 1565 731 1648 Ι
750 1589 802 1645 per
823 1568 877 1636 lic3
891 1570 1016 1637 Nicolau3

79 1657 178 1713 rauetb
193 1656 298 1712 ordinis
314 1652 372 1730 prii
392 1648 398 1734 Ι
416 1658 500 1720 catccl
515 1661 568 1711 etc.
597 1656 712 1712 Additae
728 1663 793 1713 sunt
808 1655 916 1730 glossae
932 1658 1017 1712 inter·

79 1743 183 1797 lneares
199 1739 345 1816 uariasque
360 1756 455 1796 monus
471 1740 548 1795 uaria
563 1740 732 1798 adleuerunt.
762 1741 866 1798 Desinit
880 1741 965 1798 codex
987 1742 1015 1796 in

79 1826 174 1883 ledeae
199 1842 297 1881 uersu:
326 1826 380 1882 Vos
401 1840 500 1899 precor
524 1822 626 1897 uulgus
648 1825 789 1882 silentum.
833 1826 1016 1883 Personarum

81 1918 146 1967 otae
164 1910 261 1966 desunt
276 1910 323 1966 sed
338 1916 460 1967 mutatae
473 1923 608 1981 personae
629 1911 738 1984 signum
752 1930 796 1962 =
811 1910 929 1967 additur.
958 1910 1017 1967 Hu-

79 2013 106 2052 rs
133 1994 199 2051 libri
219 1993 386 2051 mentionem
406 1993 472 2051 lacit
491 1992 515 2049 J.
535 1996 567 2048 A.
588 1993 730 2051 Fabricius
757 1997 784 2051 in
806 1994 874 2051 bibl.
904 1995 950 2050 lat.
972 1993 1014 2050 ed.
1098 2069 1101 2072 ι

79 2081 172 2136 rnesci
186 2086 205 2134 t.
221 2094 256 2134 11.
273 2096 295 2134 c.
311 2095 354 2135 1x.

124 2177 320 2258 dothanns
341 2181 562 2238 membranaceus
577 2179 599 2235 ll
613 2180 663 2236 No.
680 2178 731 2238 51.
783 2180 860 2236 Folia
881 2179 1015 2253 inscripta
1067 2232 1070 2236 .

79 2282 158 2328 mxv,
181 2263 268 2320 liueae
289 2264 317 2320 in
332 2265 413 2339 plena
434 2265 533 2340 pagina
548 2265 589 2323 37
611 2272 764 2320 atramento
786 2264 895 2320 ductae.
925 2261 1015 2319 Codex

79 2348 226 2406 itidissime
247 2351 375 2424 scriptus.
404 2350 523 2408 initiales
544 2365 611 2408 auro
633 2356 661 2404 et
676 2346 831 2408 coloribus,
856 2346 927 2403 tituli
950 2346 1016 2403 sub·

79 2437 229 2509 criptiones
249 2449 429 2508 personarum
444 2442 526 2492 uotae
541 2434 627 2492 rubro
642 2434 742 2506 pictae.
779 2431 906 2489 Continet
927 2430 977 2489 lol.
995 2431 1012 2488 1

79 2529 88 2576 t
110 2518 130 2575 2
151 2515 346 2592 argumentaib
369 2519 462 2576 decem
483 2519 700 2594 tragoediarum,
721 2516 770 2574 lol.
794 2515 933 2575 3-165
956 2524 1012 2574 tra·
1108 2576 1111 2583 ,

79 2604 175 2662 osdias
201 2604 255 2660 boc
280 2604 390 2660 ordine:
425 2605 550 2661 hercules
576 2602 680 2660 furens.
716 2603 848 2676 thyestes.
887 2601 1010 2677 thebays.

79 2689 201 2765 polybus.
223 2689 339 2764 edypus.
362 2695 444 2745 troas.
466 2689 571 2745 medea.
598 2702 784 2760 agamemnon.
807 2687 923 2742 octauia.
946 2686 1010 2742 her·

79 2773 134 2831 ulee
150 2774 262 2831 otbeus.
286 2773 411 2848 Scriptus
426 2774 536 2830 uidetur
551 2775 579 2829 iu
594 2772 670 2828 ltalia
685 2762 856 2842 seeo.x'v**)
873 2770 906 2825 de
922 2785 1012 2826 exem·

79 2859 127 2916 lari
149 2867 182 2916 et
201 2860 263 2932 ipso
284 2858 437 2915 recentiore
459 2859 491 2915 ab
511 2859 622 2914 homine
643 2855 753 2912 indocto
775 2853 823 2911 illo
841 2854 950 2928 quidem
965 2854 1014 2910 sed

79 2943 196 3018 lligenti.
234 2942 330 3000 totu
352 2943 423 2999 iulra
447 2950 551 3000 tentum
572 2941 689 3016 insignia
711 2938 853 3014 gentilicia
876 2955 945 3011 quae
967 2938 1013 2994 ad·

79 3083 266 3094 Ι---------

123 3160 149 3223 ‘J
172 3160 208 3210 Iu
225 3158 280 3208 fine
298 3158 380 3224 primi
402 3157 571 3223 argumenti:
595 3160 699 3205 ‘ceusu
719 3170 785 3205 uero
809 3153 936 3205 efficiens
953 3154 1014 3204 sine

79 3243 159 3279 tucca
177 3231 273 3293 poeta.
311 3225 366 3276 Sed
389 3240 420 3291 qt
447 3225 583 3277 dubium
605 3223 757 3273 uertitur
779 3223 870 3273 inter
891 3220 1013 3271 multos

79 3293 453 3346 nfneritiltemoralis
467 3294 524 3358 qni
544 3289 712 3355 epistolas
732 3289 912 3340 udlncillit
926 3301 1013 3338 com·

79 3364 171 3414 osuit
183 3361 295 3427 placuit
305 3352 366 3413 rb'.
428 3357 468 3426 **)
482 3360 516 3410 In
528 3361 616 3425 primo
629 3363 792 3423 argumento
806 3368 1012 3408 conmemoran-

79 3445 100 3481 ιι
114 3429 270 3496 Hngutio
289 3432 319 3480 et
331 3429 536 3492 Boccetius‚
556 3426 683 3478 adHero.
700 3430 754 3477 oet.
768 3426 833 3475 1611
845 3425 1013 3474 Travetta

79 3502 277 3552 commentator
288 3495 496 3562 tragoediarum
505 3500 524 3549 '.
