2326 3922
146 215 208 281 336
515 225 676 273 ,ιΝοΕΗΤΙ

148 387 274 450 posuere
290 376 401 428 tonsas.
433 365 544 426 credita
560 371 604 424 est
619 371 708 424 uento
725 372 803 424 rates

33 463 42 480 ⁶
147 454 290 531 fususque
306 452 442 511 transtris
459 449 541 510 miies
557 456 607 509 aut
622 456 718 509 terras
733 448 855 526 procul,

148 546 289 617 quantum
306 535 450 596 recedunt
465 533 547 603 uela,
565 534 711 610 fugientes
726 540 808 594 notat

148 629 198 683 aut
213 621 291 681 betia
307 627 410 681 narrat
425 619 561 679 Hectoris
576 618 662 678 tortis
677 618 773 677 miuus

148 705 314 787 currusque
331 711 359 765 et
375 711 473 781 empto
489 701 636 763 redditum
654 718 763 778 eorpus
777 718 852 778 rogo

148 809 284 870 sparsum
301 807 409 850 cruere
424 789 504 863 regis
518 788 662 847 herceum
677 785 788 846 leuem.

192 876 266 935 Tum
284 876 334 951 qui
350 875 464 933 iaeeute
480 871 652 948 reciprocus
668 869 743 930 ludit
758 869 819 930 salu

149 959 353 1034 tumidumque
371 957 466 1033 pando
483 953 609 1015 transilit
626 955 715 1014 dorso
732 972 813 1015 mare

151 1043 309 1122 tyrrhenus
325 1043 405 1100 omui
421 1041 511 1119 piscis
527 1037 637 1099 exultat
652 1038 728 1098 freto

151 1129 297 1204 agitatque
314 1143 402 1204 gyros
419 1131 447 1184 et
464 1141 563 1183 eomes
578 1122 664 1184 lateri
679 1123 799 1184 adnatat

150 1213 261 1273 anteire
279 1227 369 1269 naues
384 1208 477 1268 laetus
494 1214 522 1267 et
538 1224 642 1267 rursus
658 1208 751 1286 sequi.

150 1313 228 1355 nune
244 1295 339 1372 prima
356 1301 481 1368 tangens
496 1298 592 1352 rostra
608 1290 723 1352 lasciuit
738 1291 863 1363 chorus,

151 1379 334 1439 millesimam
352 1395 431 1436 nuuc
446 1375 537 1435 ambit
553 1382 581 1436 et
596 1375 700 1436 lustrat
715 1384 820 1438 ratem.

193 1465 253 1524 lam
270 1462 337 1522 litus
353 1479 440 1521 omne
456 1462 565 1538 tegitur
582 1461 722 1538 et'eampi
736 1459 829 1522 latent

152 1554 181 1607 et
196 1547 284 1607 dubia
302 1553 406 1624 parent
421 1545 528 1604 moritis
543 1544 619 1605 idaei
635 1546 711 1622 iuga.

153 1638 181 1692 et
196 1631 226 1690 id
243 1631 319 1708 quod
337 1648 426 1690 uuum
443 1631 583 1707 peruicax
600 1631 679 1690 acies
695 1629 788 1699 uidet,
844 1628 852 1632 ⁴

151 1715 252 1774 iliacus
268 1722 330 1773 atra
346 1715 444 1773 tumus
460 1721 582 1791 apparet
597 1721 676 1774 nota.

151 1802 209 1859 iam
225 1798 300 1858 lassa
316 1799 400 1858 Titan
418 1796 491 1857 coila
507 1796 660 1858 releuabut
675 1798 759 1874 iuge,

152 1885 181 1943 in
198 1890 274 1942 astra
291 1884 348 1942 iam
364 1882 414 1941 lux
430 1899 540 1960 prona,
556 1883 614 1940 iam
631 1900 775 1960 praeceps
790 1882 867 1943 dies:

195 1968 306 2044 Exigue
324 1964 417 2026 nubes
433 1965 552 2025 sordide
569 1984 707 2027 crescens
722 1965 811 2042 giobo

154 2053 275 2111 nitidum
293 2050 422 2109 cadentis
438 2051 571 2128 inquinat
586 2049 698 2110 Phoebi
713 2049 807 2112 iubar.

153 2142 287 2214 suspecta
304 2135 404 2193 uarius
420 2133 558 2194 eeeidens
573 2134 644 2194 feeit
659 2134 743 2195 treta.

153 2238 211 2279 nex
227 2221 321 2296 prima
341 2217 453 2278 caetum
469 2224 619 2296 sparserat
634 2218 740 2289 stellis,
756 2222 854 2280 iaeeut
918 2276 921 2284 .

154 2305 270 2364 deserta
286 2309 375 2363 uento
391 2301 468 2362 uela.
501 2311 561 2361 tum
577 2321 713 2363 murmur
729 2321 820 2381 graue

154 2391 265 2448 maiora
281 2388 418 2446 minitans
436 2385 559 2447 coitibus
575 2389 698 2448 summis
714 2388 793 2447 cadit

153 2480 308 2549 tractuque
323 2470 412 2547 longo
429 2470 496 2531 litus
512 2488 545 2531 ac
561 2479 663 2549 petrae
678 2481 810 2549 gemunt.

195 2558 308 2634 Agitata
325 2556 420 2614 uentis
436 2555 513 2615 unda
530 2558 666 2615 uenturis
681 2563 785 2615 tumet.

155 2658 222 2698 cum
238 2639 335 2699 subito
351 2638 421 2698 lima
438 2639 589 2707 conditur,
607 2639 709 2698 stellae
724 2638 830 2709 latent,

154 2726 182 2783 in
200 2730 277 2782 astra
292 2730 400 2799 pontus
416 2721 538 2792 tollitur,
558 2721 671 2782 eaelum
688 2727 775 2800 perit.

155 2826 208 2867 nee
224 2825 283 2866 una
299 2824 356 2865 uox
374 2815 432 2867 est:
457 2807 546 2868 densa
563 2807 696 2868 tenebris
713 2807 812 2868 obruit

126 3030 130 3036 '
221 3028 272 3076 464
289 3031 364 3075 rates
382 3025 407 3073 Ε
425 3026 494 3073 ratis
513 3022 624 3090 ,4Ιῄ465
643 3025 723 3074 miles
741 3027 890 3090 Elieyiom.
912 3026 1076 3085 nauitaAi
1149 3054 1155 3065 ·

154 3095 204 3142 469
222 3092 370 3142 hereaeum
390 3092 412 3140 E
431 3093 568 3142 Herceum
589 3109 607 3141 α
624 3092 784 3142 herculeum
801 3101 824 3158 ψ
848 3090 859 3160 Η
881 3095 935 3146 470
953 3095 1035 3144 Tune
1053 3094 1076 3143 Ε

154 3162 223 3209 Tum
242 3160 266 3207 A
284 3156 361 3223 11479
380 3162 453 3208 omni
471 3160 519 3224 Εψ
538 3161 625 3210 omnis
644 3161 668 3211 A
686 3156 698 3225 Η
714 3163 764 3211 473
781 3162 934 3225 Agitatque
953 3161 980 3210 Ε
998 3161 1075 3227 Agit·

73 3288 76 3292 Α
156 3243 208 3291 que
228 3228 252 3275 A
265 3224 276 3292 ΙΙ
288 3228 338 3277 477
357 3225 435 3276 omne
454 3227 478 3275 Ε
497 3243 565 3276 corr.
579 3227 615 3276 Et
628 3225 639 3293 ΙΙ
651 3229 701 3278 478
720 3233 819 3293 parent
831 3229 888 3278 'EA
909 3234 1011 3294 patent
1029 3230 1070 3290 ψῖ

154 3299 204 3346 479
222 3297 258 3345 Et
276 3295 304 3344 iu
322 3294 346 3343 Ε
376 3295 486 3343 Etiam
506 3295 530 3343 A
561 3291 572 3359 ΙΙ
600 3297 649 3345 491
669 3296 760 3353 subito
779 3296 846 3346 luna
864 3295 915 3360 Εψ
947 3296 1017 3346 luna
1034 3311 1076 3346 su·

154 3365 211 3414 bito
225 3363 291 3412 AM«)
303 3358 314 3428 ii
331 3363 421 3410 latent
433 3362 498 3410 ΕΛΕ
517 3363 620 3411 eadunt
632 3364 657 3412 A
669 3360 681 3430 ΙΙ
698 3364 748 3413 493
761 3365 818 3414 Nec
832 3378 887 3412 una
898 3379 956 3414 nox
969 3370 1015 3414 est
1027 3362 1076 3412 EA

154 3432 212 3480 Nee
237 3435 280 3480 est
303 3446 356 3480 nox
379 3444 435 3478 una
458 3433 499 3478 net
527 3430 585 3479 Nec
604 3435 720 3480 estune
738 3440 832 3494 uoxp
861 3427 872 3496 ΙΙ
902 3432 1040 3482 tenebras
1057 3445 1077 3478 ο)

43 3511 48 3518 ·
155 3498 287 3549 tenebris
304 3498 399 3560 scripsi
416 3497 607 3547 tenebrarum
626 3499 703 3549 NHs.
726 3495 738 3564 ss
