2326 3922
151 125 292 173 XXXVIII
526 120 725 169 PRAEFATIO

106 293 134 358 ψ
155 286 340 358 discrepantes
367 282 473 355 aliquot
501 280 546 338 uel
567 281 686 355 plurium
714 279 848 336 librorum
869 279 1024 354 scripturas
1045 269 1129 352 (ψ)

152 369 352 425 adnotaremus.
380 367 426 423 obi
449 367 481 422 ab
503 365 629 422 omnibus
652 365 730 421 libris
752 363 909 421 discedebat
929 383 949 418 oc
974 376 1128 438 graecum

111 470 134 508 ω
154 449 320 528 ponebatur,
343 453 488 524 utriusque
509 451 679 507 recensionis
699 465 865 506 consensum
880 449 962 506 litore
976 467 1001 505 ω
1019 451 1126 524 εἰμί’

152 537 303 595 timuimus.
332 536 361 592 ld
382 553 449 592 uero
465 536 516 592 hac
531 537 559 591 in
576 551 606 591 re
622 534 787 592 monendum
803 542 860 598 est,
881 550 937 590 non
953 550 1119 608 numquam

152 623 248 679 nonA
268 638 334 678 uere
355 622 498 695 uolgarem
516 609 664 676 lectionem¹
684 637 759 682 esse,
782 619 831 675 sed
845 628 881 691 ψ.
918 619 1028 675 Etenim
1043 636 1117 676 cunt

152 708 181 763 in
196 707 283 763 libros
304 705 432 780 uolgares
454 705 578 779 singulae
594 707 747 779 scripturae
765 721 797 760 ex
811 704 927 760 meliore
941 706 1114 762 recensione

152 792 302 848 translatae
318 798 423 852 essent,
439 790 466 845 id
483 789 555 864 quod
569 805 652 863 supra
668 789 930 852 demonstrauimus.
947 789 997 845 has
1011 791 1113 847 duan·

154 877 209 932 tius
230 876 366 932 interdum
381 875 494 948 recepit.
530 872 697 948 Quamquam
714 875 737 930 si
759 877 920 931 uniuersum
936 882 1107 947 spectamus,

152 959 258 1016 nullum
278 959 377 1015 librum
400 958 446 1015 uel
467 975 548 1014 manu
570 959 702 1033 scriptum
726 959 770 1015 uel
791 961 944 1033 inpressum
961 958 1105 1015 latendum

153 1052 198 1102 est
212 1051 267 1102 tam
278 1062 365 1118 prope
381 1044 413 1100 ad
428 1044 572 1117 genuinam
588 1046 757 1101 recensionis
773 1043 896 1118 uolgaris
912 1042 1106 1100 condicionem

155 1129 283 1186 accedere
299 1146 377 1202 quam
393 1127 526 1183 Aldinam.

217 1266 246 1320 ln
277 1261 440 1322 Octauia
474 1263 639 1320 recensenda
675 1270 787 1337 praeter
820 1262 1106 1335 Rebdigeranos,

155 1348 352 1412 Gothanos‚
381 1348 686 1405 vindobonensem
713 1348 745 1404 rlc
775 1347 874 1422 quibus
895 1347 1106 1420 supradictum

155 1441 212 1495 est,
229 1435 280 1489 hos
295 1433 363 1489 duos
379 1432 564 1489 adhibuimus:

122 1549 146 1606 0
227 1546 496 1624 Lugdunensis
519 1567 600 1608 xvm
620 1550 660 1608 16
681 1550 710 1604 Ε
734 1550 824 1623 quode
847 1549 870 1604 J.
892 1548 966 1605 Geel.
989 1549 1107 1625 catalog.

159 1651 226 1690 mss.
248 1633 323 1707 lugd.
343 1634 398 1691 bat.
418 1635 468 1691 No.
491 1634 553 1692 370
579 1635 646 1690 haee
667 1634 751 1691 uerba
772 1634 850 1690 lacit:
879 1633 986 1690 ‘Codex
1005 1635 1108 1708 partim

154 1718 390 1791 membranaceus,
413 1721 513 1793 partim
529 1720 687 1775 chartaceus
702 1733 757 1777 xiv
773 1737 838 1781 sec,
854 1716 915 1775 236
931 1717 1063 1775 loliorum
1080 1719 1107 1775 in

155 1803 238 1866 lolio,
260 1802 350 1859 literis
371 1803 522 1860 initialibus
537 1804 633 1878 pictis.
655 1803 741 1877 prima
757 1805 856 1877 pagiua
876 1804 950 1858 uersi
965 1800 1107 1859 coloribus

155 1896 184 1945 et
198 1889 334 1944 deauratis
350 1888 472 1945 flosculis
495 1896 599 1945 ornata.
630 1889 658 1944 L.
671 1889 774 1943 Annaei
791 1888 909 1945 Senecae
925 1887 1104 1960 Tragoediae.

155 1973 342 2047 Subscriptio:
365 1972 480 2047 Explicit
494 1974 581 2028 Annei
596 1973 622 2027 d.
639 1972 742 2029 Seneca
757 1972 942 2046 tragediarum
957 1970 1029 2028 liber
1043 1971 1106 2028 teli·

155 2059 224 2114 citer
254 2059 374 2130 scriptus
402 2072 452 2130 per
478 2073 520 2112 me
541 2056 698 2112 michaelem
728 2057 761 2112 de
782 2056 902 2112 franchis
924 2055 956 2112 de
986 2055 1105 2113 clauario

156 2144 320 2216 scriptorem
346 2148 428 2215 atquc
454 2141 573 2197 scribam
599 2140 751 2198 uenerabili
775 2143 836 2197 uiro
864 2142 997 2212 magistro
1026 2138 1105 2197 Guill'

156 2226 188 2284 de
210 2227 343 2284 montiolo
364 2235 430 2283 tunc
451 2227 553 2283 rectori
575 2224 709 2282 scolarum
730 2226 785 2282 loci
806 2223 952 2298 requiniuii
973 2225 1003 2280 in
1023 2224 1106 2298 pede·

155 2312 308 2375 montibus,
340 2311 390 2367 sub
412 2328 482 2368 anno
504 2310 576 2367 mill⁰
593 2315 665 2368 cce⁰
680 2327 721 2366 xn
741 2310 784 2366 die
804 2325 906 2371 xxvu1
926 2311 1029 2364 mensis
1051 2311 1106 2365 llu-

158 2399 240 2469 gusti.
269 2396 339 2452 Laus
355 2403 382 2451 et
398 2397 486 2469 gratia
502 2411 607 2452 summo
630 2403 657 2450 et
672 2394 806 2450 altIssimo
822 2395 859 2450 sit
874 2394 990 2450 creatori
1007 2402 1105 2449 nostro

157 2482 185 2535 in
205 2480 359 2535 seculorum
387 2479 487 2536 secula.
516 2497 602 2536 amen.
647 2479 814 2552 Tragoediae
835 2478 888 2535 hoc
909 2477 1005 2534 ordine
1026 2485 1104 2534 sunt:

157 2562 288 2620 Hercules
304 2562 412 2626 lunens,
429 2564 575 2637 Thyestes,
590 2563 771 2626 Phoenissae,
787 2563 957 2638 Hippolitus,
974 2560 1105 2635 Oedlpus,

158 2647 292 2710 Troades,
314 2650 514 2721 Agamemnon,
538 2648 664 2714 Octauia,
690 2648 821 2704 Hercules
843 2648 969 2703 Oetaeus.
1016 2645 1107 2702 Codex

163 2739 303 2789 correctus
326 2739 369 2787 est
390 2749 444 2789 sec.
459 2749 598 2791 xv-xv1
619 2731 652 2788 ab
667 2732 760 2806 aliquo
776 2734 823 2806 qui
843 2735 871 2787 in
886 2731 939 2787 bue
959 2730 1108 2805 adscripsit

158 2814 285 2873 ‘correxi
299 2817 361 2873 bina
377 2817 437 2873 uice
453 2848 487 2857 -
503 2835 516 2873 a
532 2819 667 2890 principio
683 2834 772 2890 usque
787 2817 820 2873 ad
835 2816 943 2872 fiuem’.
973 2815 1030 2870 Hae
1044 2831 1107 2870 cor·

157 2903 294 2958 rectiones
307 2909 412 2957 tantum
424 2910 489 2958 sunt
505 2902 638 2958 lectiones
654 2918 685 2957 en
701 2899 755 2958 alio
767 2902 861 2958 codice
873 2901 1028 2975 decerptae.
1052 2898 1107 2954 Ad·

158 2987 228 3042 iecta
250 2993 315 3042 sunt
328 2986 373 3042 bic
394 2987 449 3043 illic
465 2987 568 3044 scholia
585 2987 657 3043 inter
672 2989 771 3042 uersu's
786 2994 814 3042 et
829 2984 1014 3059 marginibus,
1036 2999 1108 3056 quae

157 3079 212 3126 tam
234 3071 267 3127 ad
288 3087 333 3126 res
353 3071 552 3150 mythologicas
572 3074 712 3145 pertinent
728 3087 809 3144 quarn
830 3070 862 3126 ad
878 3065 1024 3126 metrum'.
1062 3067 1107 3124 ‘In

157 3156 244 3229 prima
264 3156 363 3230 pagina
387 3157 458 3229 picta
480 3165 545 3213 sunt
570 3173 644 3212 arma
665 3157 835 3230 possessoris
862 3154 1030 3225 abeodem,
1058 3151 1107 3226 qui

157 3240 263 3313 reliqua
284 3249 441 3297 ornamenta
462 3241 572 3297 addidit.
607 3240 663 3298 Sub
682 3241 725 3296 bis
747 3242 830 3296 armis
851 3239 989 3295 recentior
1009 3252 1107 3293 manus

157 3325 303 3400 adscripsit
329 3344 355 3384 n.
376 3331 436 3384 vn⁰
456 3342 533 3382 xxix
559 3326 586 3382 C.
608 3326 712 3382 Nutalis
738 3324 784 3381 uel
805 3324 903 3380 lditalis
930 3321 980 3393 (an
1002 3320 1107 3378 Natalis

157 3408 291 3483 domest).
327 3412 356 3467 ln
371 3409 424 3467 fine
446 3420 509 3485 post
530 3410 758 3484 subscriptionem
779 3426 876 3465 manus
898 3407 1038 3464 recentior
1057 3405 1109 3462 ad·
