2326 3922
341 233 523 282 nnuovnus
541 217 704 303 [FVRENS]

68 394 132 437 cum
148 371 240 436 semel
255 375 350 442 uenit,
368 374 477 451 poterit
491 374 613 434 reuerti.

67 460 134 540 quid
149 461 232 521 iuuat
247 458 345 520 dirum
360 476 524 538 properare
540 458 650 518 latum?

31 638 56 695 ε’
109 627 212 689 Omnis
226 628 304 688 haec
319 627 433 704 magnis
448 643 523 704 uaga
538 624 625 686 turha
641 626 730 686 terris

63 713 119 774 ibit
134 713 171 773 ad
186 730 289 774 manes
304 712 450 789 facietque
466 712 553 771 inerti

66 796 132 858 uela
148 797 267 877 Cocyto.
298 795 350 855 tibi
366 796 472 856 crescit
487 813 584 864 omne,

63 891 96 944 et
110 881 190 962 quod
206 898 328 942 occasus
342 879 426 940 uidet
440 886 469 940 et
484 879 563 956 quod
579 887 670 940 ortus.

22 1053 50 1111 d'
108 1050 203 1111 Parce
218 1050 361 1110 uenturis.
394 1047 446 1109 tibi
461 1064 542 1108 mors
556 1064 707 1124 paramur.

61 1136 109 1195 sic
125 1132 196 1195 licet
211 1135 324 1211 segnis,
341 1150 538 1212 properamus
553 1133 619 1210 ipsi.

61 1219 162 1299 prima
178 1235 253 1296 quae
268 1221 359 1280 uitam
375 1217 454 1279 dedit
467 1217 558 1286 hora,
575 1217 678 1296 carpit.

15 1415 42 1465 f⁰
239 1401 348 1464 Thebis
362 1402 438 1465 laeta
454 1401 517 1463 dies
532 1401 624 1462 adest.

195 1506 262 1549 aras
276 1488 387 1565 tangite
402 1486 562 1566 supplicos.

194 1574 318 1652 pingues
334 1572 446 1632 caedite
460 1574 606 1632 uictimas,

194 1659 358 1735 permixtae
373 1656 504 1717 maribus
520 1673 613 1716 nurus

195 1739 343 1801 solemnes
358 1743 469 1819 agitent
485 1741 601 1802 choros.

196 1833 311 1886 cessent
327 1825 462 1904 deposito
477 1827 547 1902 iugo
654 1879 665 1892 ,

197 1912 261 1971 arui
276 1910 381 1970 fertilis
396 1909 519 1971 incolae.

238 2078 299 2139 Par
315 2087 359 2138 est
374 2077 514 2139 herculea
529 2096 619 2138 manu

196 2163 341 2224 Auroram
356 2164 432 2223 inter
448 2171 478 2222 et
492 2162 658 2240 Hesperum

198 2256 298 2325 etqua
314 2246 358 2309 sol
373 2247 501 2307 medium
519 2257 622 2306 tenens

196 2332 317 2392 umbras
332 2330 508 2410 corporibus
524 2339 620 2409 nogat.

198 2415 404 2494 quodcumque
420 2415 550 2476 adluitur
565 2415 661 2476 solum

197 2499 285 2578 longo
301 2500 429 2578 Tethyos
444 2499 565 2571 ambitu,

197 2582 314 2645 Alcidae
329 2584 443 2646 domuit
457 2584 553 2664 labor.

22 2772 47 2828 f‘
238 2753 438 2815 Transuectus
455 2754 530 2814 uada
545 2754 670 2823 Tartari,

197 2839 306 2914 pacatis
321 2839 399 2899 redit
414 2837 525 2898 inferis

63 2975 109 2982 ...-
111 2974 170 2979 .....
172 2974 272 2982 —

136 3025 187 3074 870
211 3024 300 3088 potuit
317 3040 339 3074 ω
367 3025 483 3088 poterit
501 3023 551 3076 Bo.
585 3019 596 3089 ll
624 3026 673 3074 871
697 3024 784 3074 dirum
812 3025 864 3076 VT
887 3025 984 3076 durum

62 3091 107 3143 εΑ
168 3093 219 3142 874
236 3095 342 3142 crescet
359 3091 385 3140 E
407 3087 419 3154 ll
442 3094 492 3142 876
510 3098 538 3141 et
551 3092 602 3141 tibi
618 3093 646 3142 V
658 3088 670 3157 {l
693 3108 821 3156 paramus
839 3095 866 3144 V
874 3101 901 3143 ut
913 3097 983 3144 uide·

62 3168 109 3209 tur
168 3157 232 3209 arob
244 3167 270 3209 et
287 3160 348 3211 877·
360 3165 420 3222 post
438 3160 500 3209 874⁸
517 3162 718 3222 interponendoe
732 3169 809 3225 putat
825 3160 943 3214 B.Sclnn.
961 3158 974 3226 ll

61 3227 117 3278 878
136 3227 229 3292 carpit
244 3226 294 3290 Εφ
322 3227 427 3292 carpsit
442 3227 492 3291 Αφ
520 3224 531 3292 ΙΙ
561 3226 707 3279 CHORVS
725 3228 774 3278 ER
791 3232 901 3293 om.q>A
936 3228 983 3277 Te·

62 3297 201 3344 rentiam
218 3295 327 3345 Maurum
344 3312 369 3345 u.
387 3296 455 3343 2672
474 3295 656 3360 „Exemplum
675 3300 703 3344 et
721 3295 843 3346 Senecae
863 3295 947 3344 dobo'z
965 3299 968 3351 l

62 3362 172 3412 Thebis
192 3388 220 3399 -
240 3360 400 3413 uictimas.“
438 3359 450 3426 ll
486 3364 536 3413 879
558 3363 727 3413 Terentianus
745 3381 768 3412 o.
792 3364 859 3412 2786
888 3358 899 3424 ΙΙ
934 3363 984 3410 880

63 3445 145 3547 affin]
162 3429 329 3563 strlmllam
351 3426 363 3497 Η
392 3428 592 3500 882matribus
610 3430 636 3479 E
664 3427 675 3497 ΙΙ
704 3434 755 3483 890
773 3430 888 3480 alluitur
905 3426 983 3490 Ero

63 3516 81 3549 a
116 3498 192 3547 uitur
