2326 3922
417 234 616 282 Aoruouuo
914 221 974 286 351

99 387 208 436 Aaou.
233 373 418 435 Veneremur
434 391 524 434 oras,

51 473 130 521 CAS.
556 458 662 517 cecidit
677 466 744 518 aute
761 477 843 518 aras
860 469 952 537 pater.

99 557 209 605 AGAM.
233 543 359 603 louem
375 560 534 620 precemur
549 544 670 620 pariter.

51 642 130 691 ors.
360 665 364 675 ·
675 627 817 687 heroeum
833 628 976 688 louemt
994 642 1044 692 830

100 726 208 774 AGAM.
234 712 336 774 Credis
351 711 455 773 uidere
471 718 501 770 te
516 710 644 770 ilium?

53 811 133 859 CAS.
628 804 656 855 et
670 796 859 857 Priamum
876 798 973 857 simul.

101 895 210 943 AGAM.
234 881 288 942 Hio
303 882 413 941 Troia
431 898 492 940 uon
507 886 559 940 est.

54 981 132 1029 cos.
351 999 354 1005 .
409 1033 411 1037 ,
456 964 568 1025 Helena
585 963 636 1024 ubi
653 972 712 1034 est,
730 964 875 1026 Troiam
892 975 973 1045 puto.

100 1064 210 1111 AGAM.
234 1050 277 1110 Ne
293 1057 393 1111 metue
409 1050 556 1109 dominam
574 1048 719 1109 famula.

53 1148 130 1196 ces.
704 1133 866 1195 iibertas
882 1137 972 1198 adest.

100 1232 209 1280 AGAM.
234 1218 373 1279 Secura
390 1220 469 1279 uiue.

55 1316 129 1364 CAS.
153 1373 156 1377 ,
494 1303 566 1363 mihi
582 1304 657 1362 mori
674 1311 719 1363 est
734 1305 929 1364 securitas

101 1401 208 1449 Auum.
232 1386 351 1448 Nullum
370 1395 414 1447 est
429 1387 573 1467 periclum
590 1387 748 1448 tibimet.
993 1404 1042 1453 835

59 1484 130 1532 cus.
439 1496 443 1503 ·
691 1482 721 1533 et
736 1490 875 1549 maguum
892 1472 971 1533 tibi.

100 1569 208 1617 Aaou.
233 1558 332 1616 Victor
348 1557 410 1617 tim
421 1574 483 1618 ere
499 1557 568 1635 quid
585 1558 701 1635 potest?

63 1651 132 1701 crs.
687 1642 764 1719 quod
782 1659 840 1701 uon
858 1643 971 1703 timet.

105 1821 208 1870 Aoum.
234 1810 316 1870 Hauc
332 1810 389 1869 fida
413 1809 515 1870 famuli
529 1808 616 1869 turba
634 1809 702 1869 dum
725 1810 851 1870 excutiat
869 1810 972 1882 deum,

72 1894 196 1964 retinete,
213 1912 251 1953 ne
267 1894 337 1972 quid
353 1896 491 1972 inpotens
506 1903 611 1972 peccet
627 1895 719 1954 furor.

108 1977 139 2035 u
151 1986 179 2039 te
194 1987 277 2057 pater
292 1979 342 2058 qui
358 1997 445 2039 saeua
461 1985 583 2057 torques
599 1977 721 2038 iuimiua

79 2057 201 2139 pellisque
216 2063 325 2133 nubes,
342 2064 438 2124 sidera
455 2070 485 2123 et
500 2071 595 2123 terras
609 2064 706 2139 regis,

82 2141 108 2200 ad
121 2162 198 2223 quem
213 2147 358 2226 triumphi
373 2146 467 2226 spolia
481 2148 611 2208 uictores
626 2149 741 2217 ierunt,

11 2260 15 2273 ›
84 2231 139 2287 otte
150 2249 281 2292 sororem
297 2239 401 2294 ounota
417 2230 555 2310 pollentis
571 2233 628 2292 uiri

84 2313 187 2384 argolica
200 2316 273 2377 luno
288 2333 398 2394 pecore
412 2317 515 2377 uotiuo
530 2315 626 2376 libens

84 2391 245 2481 Arabumque
261 2400 346 2462 donis
361 2399 493 2479 supplice
509 2408 538 2460 et
552 2400 626 2460 iibra
644 2399 748 2460 oolam.

135 2833 177 2888 830
188 2838 314 2905 ὴετοριιω
325 2839 351 2888 E
363 2839 501 2891 Herceum
513 2839 538 2888 A
552 2838 709 2888 herculeum
723 2846 746 2903 ψ
759 2835 770 2904 ΙΙ
782 2841 831 2891 831
846 2844 874 2890 et
886 2843 973 2892 delen-

87 2889 212 2956 doeemt
224 2907 277 2958 ou.
296 2902 308 2972 p
325 2908 375 2957 832
387 2907 442 2957 vor
453 2906 563 2957 uerene
577 2909 619 2956 est
631 2924 653 2956 ω
669 2906 704 2956 rr.
719 2907 767 2956 um
780 2911 823 2957 est
835 2907 942 2961 uocum.
959 2908 972 2971 p

87 2953 123 3009 ⁸³4
136 2971 193 3022 mihi
208 2969 284 3025 mori‘
296 2979 338 3024 est
355 2975 381 3023 E
398 2989 470 3024 mors
483 2974 551 3023 mihi
563 2978 606 3024 eut
619 2976 645 3024 Α
657 2971 669 3040 Η
680 2975 731 3024 835
749 2975 902 3039 periculum
915 2983 938 3038 ψ
959 2975 972 3038 ΙΙ

87 3034 188 3093 ¹¹1⁸uuum
198 3042 251 3092 tibi
263 3046 306 3092 est
318 3045 343 3093 A
363 3047 406 3092 est
417 3057 464 3093 om.
477 3042 503 3090 E
519 3039 531 3107 li
551 3043 600 3092 842
620 3041 854 3105 cunctipoilentis
867 3044 943 3095 NHs.
956 3043 970 3107 Η

87 3102 131 3150 Μ
144 3118 164 3156 u.
175 3108 221 3160 844
238 3118 315 3161 totam
332 3126 450 3176 scaenam
467 3111 587 3160 interiere
604 3112 730 3173 suspicor.
754 3106 766 3176 11
