2326 3922
443 167 641 216 PRAEFATIO
965 172 1016 220 VII

67 337 225 402 temporum
246 326 291 383 uel
311 326 486 384 librariorum
507 328 623 385 iniuriae
647 327 832 402 tribuisse*).
877 331 962 387 Immo
983 341 1015 388 nt

66 431 119 488 pro
145 412 341 486 dittographiis
368 411 453 468 multa
480 430 575 469 eorum
602 431 671 488 quae
698 413 863 476 enclusimus
889 415 1012 474 habenda

65 505 142 559 sunt,
159 498 197 553 ita
212 514 267 555 non
284 514 386 571 paucos
402 515 499 554 uersus
516 499 646 556 ambitum
662 501 853 573 stropharum,
870 500 970 574 quibus
986 511 1014 557 et

62 585 91 638 in
109 581 241 639 diuerbiis
257 591 286 638 et
302 582 329 638 in
345 583 507 639 carminibus
523 592 604 657 poeta
626 587 778 640 orationem
794 585 950 659 discripsit,
968 603 1013 643 su·

61 686 116 743 pra
140 667 243 724 iustum
259 667 369 724 modum
390 676 524 742 augentes
539 668 572 724 ab
594 671 654 742 ipso
670 678 751 743 poeta
772 669 935 726 arbitramur
949 687 1013 744 pro·

62 754 155 808 lectos
175 768 236 808 esse
257 751 344 825 (uelut
359 751 382 807 H
397 751 459 810 552
476 752 536 810 745
552 753 612 810 791
630 752 723 825 alios).
746 755 793 827 qui
816 755 924 828 quidem
946 757 1013 812 scri·

61 837 148 894 bendi
163 839 267 911 impetu
282 837 413 911 abreptus
429 838 540 893 eandem
556 855 613 894 rem
629 856 682 912 qua
704 847 763 894 erat
778 838 872 912 ingeni
887 839 1013 896 ubertate

63 922 197 977 nariando
217 929 246 978 et
266 921 326 977 aliis
348 920 441 978 uerbis
466 922 565 978 iterum
587 930 614 978 et
635 925 742 996 saepius
764 922 935 980 inlustrando
958 941 1012 980 non

61 1022 214 1078 numquam
235 1006 324 1078 legem
345 1004 420 1061 illam
436 1023 516 1079 quam
535 1008 594 1080 ipse
610 1007 662 1063 sibi
678 1005 827 1081 scripserat
842 1009 1012 1082 strophicam

62 1089 186 1146 uiolasse
214 1090 409 1146 existimandus
434 1098 486 1147 ost.
530 1089 603 1157 Quae
631 1091 726 1148 menda
753 1094 776 1147 si
804 1093 959 1166 tragoedias
984 1095 1012 1149 in

62 1175 237 1230 emendatum
254 1175 390 1248 exemplar
405 1182 433 1231 et
445 1174 555 1249 publico
571 1177 633 1232 usui
647 1176 810 1232 destinatum
823 1177 1011 1251 transcripsis-

63 1267 108 1314 set
125 1259 192 1332 quin
206 1259 365 1316 sublaturus
380 1259 464 1316 luerit
484 1260 692 1322 uelresecando
709 1262 753 1317 uel
769 1263 893 1335 augendo
910 1263 1012 1318 oratio·

64 1360 129 1399 nem
143 1345 252 1399 minime
273 1344 451 1400 dubitandum
473 1345 647 1401 arbitramur.
682 1343 741 1412 Quo
759 1353 847 1401 tamen
869 1348 896 1401 in
912 1362 1012 1419 genere

65 1444 131 1482 num
152 1428 180 1483 in
196 1428 327 1500 eligendis
343 1429 468 1485 uersibus
484 1432 532 1503 qui
548 1438 641 1486 essent
662 1429 805 1486 damnandi
821 1430 901 1486 nobis
923 1433 1012 1487 conti·

63 1513 140 1587 gerit
164 1521 196 1568 ut
218 1530 315 1568 nerum
340 1531 448 1588 semper
475 1515 676 1577 inueniremus,
703 1517 879 1571 uehementer
905 1515 1011 1572 dubita·

62 1614 136 1652 mus.
170 1596 229 1660 Sic.
253 1605 284 1654 ut
306 1599 429 1672 exemplo
445 1606 566 1663 marmur,
590 1599 702 1656 dubium
723 1617 804 1673 qnam
819 1600 933 1656 maxime
951 1608 1011 1657 erat

60 1682 85 1738 fl
107 1680 244 1739 toto-8
272 1698 303 1738 ex
326 1683 414 1740 tribus
435 1685 562 1740 uersibus
584 1686 646 1758 quis
666 1683 840 1758 potissimum
867 1693 941 1741 esset
962 1685 1010 1741 de-
1087 1737 1088 1740 ,

60 1763 170 1823 lendus.

128 1852 225 1908 Redire'
242 1861 384 1926 utramque
400 1854 586 1910 recensionem
605 1854 638 1908 ad
655 1853 741 1926 ipsius
756 1861 854 1926 poetae
869 1855 1010 1925 chirogra-

61 1937 149 2010 phum
165 1936 275 2010 publico
291 1940 355 1994 usui
370 1954 426 1994 non
440 1938 602 1994 destinatum
619 1938 686 1993 satis
702 1937 857 1994 luculenter
868 1945 1010 2011 praeterea

36 2080 40 2086 ,
62 2020 215 2077 ostendunt
235 2020 330 2096 Oedipi
351 2023 490 2079 cuiusdam
511 2029 539 2078 et
560 2022 771 2079 Phoenissarum
792 2022 837 2078 illa
858 2022 1010 2095 fragmenta

61 2106 91 2161 in
106 2105 234 2162 omnibus
250 2106 328 2162 libris
343 2107 536 2180 manuscriptis
559 2107 586 2162 in
605 2123 688 2162 unum
703 2106 892 2178 conglutinata
914 2105 959 2178 (cf.
978 2108 1010 2162 de

62 2189 166 2246 Seneca
182 2198 253 2263 trag.
269 2198 341 2247 anot.
357 2210 382 2265 p.
400 2189 550 2262 20-22)‚
568 2207 650 2263 quae.
667 2191 691 2247 si
707 2191 863 2264 tragoedias
880 2208 943 2246 suas
960 2208 1012 2264 pu·

62 2274 127 2331 blici
144 2274 213 2330 iuris
229 2275 352 2338 fecisset,
373 2293 429 2332 non
450 2276 587 2331 editurum
603 2275 693 2331 sedin
709 2274 816 2331 schedis
838 2281 1009 2330 retenturum

61 2358 149 2415 luisse
175 2360 361 2416 existimamus
382 2367 499 2434 poetam.
543 2358 636 2433 Neque
658 2359 748 2414 minus
769 2359 836 2413 haec
860 2364 957 2413 nostra
977 2357 1010 2414 de

63 2442 247 2516 pugillaribus
262 2445 383 2501 auctoris
399 2443 534 2500 sententia
548 2443 704 2500 confirmari
726 2443 834 2498 uidetur
856 2445 1009 2516 anapaestis

62 2527 164 2600 quibus
178 2529 325 2584 Actaeonis
346 2528 436 2585 fabula
456 2536 584 2585 narratur
605 2526 823 2590 nita-884,
845 2545 960 2602 prorsus
983 2534 1010 2584 et

60 2611 94 2667 ab
118 2611 166 2668 illo
188 2612 252 2669 loco
273 2621 301 2668 et
321 2631 337 2669 a
358 2621 415 2669 tota
436 2612 527 2669 fabula
548 2614 642 2669 alienis
662 2611 713 2686 (cl.
735 2613 872 2669 obseruat.
896 2615 923 2668 in
945 2611 1008 2668 Seu.

61 2705 132 2771 trag.
149 2696 196 2752 lib.
214 2715 238 2770 p.
257 2697 296 2754 36
312 2697 356 2764 s).

124 2781 244 2837 Schedas
265 2781 383 2856 deniquo
409 2783 529 2838 auctoris
550 2799 600 2856 per
621 2782 734 2856 longum
757 2789 865 2855 teinpus
891 2783 1007 2838 circum-

59 2865 129 2923 latas
152 2874 236 2938 atque
259 2867 436 2940 transcriptas
457 2883 533 2927 esse,
563 2869 585 2921 si
608 2868 668 2940 quis
690 2868 818 2928 miratur,
849 2868 873 2921 is
895 2865 1008 2921 Suetoni

60 2949 218 3006 consideret
240 2949 338 3013 uerba,
370 2953 417 3024 qui
438 2950 471 3006 de
492 2950 597 3006 Nerone
618 2967 702 3022 agens
724 2950 789 3006 baec
811 2950 892 3006 tradit
912 2949 945 3022 (c.
968 2950 1008 3007 52

59 3052 85 3109 p.
100 3034 173 3096 196,
191 3033 231 3091 36
243 3033 287 3106 tit:
312 3034 423 3108 „itaque
440 3035 472 3090 ad
487 3037 621 3109 poeticam
637 3051 742 3108 pronus
758 3037 876 3091 carmina
890 3035 1010 3091 libenter

125 3200 155 3264 *l
179 3200 353 3265 Tragoedias
369 3201 497 3250 nltimam
514 3204 614 3264 poetae
632 3215 741 3249 manum
758 3214 856 3263 passas
872 3215 926 3249 non
945 3213 1006 3248 esee

56 3269 109 3320 iam
123 3269 239 3319 censuit
251 3268 283 3319 G.
294 3269 471 3318 Hermannus
489 3265 535 3332 (el.
548 3268 621 3321 doct.
633 3271 713 3319 metr.
726 3283 751 3331 p.
759 3268 808 3317 387
821 3266 1006 3331 „praesertim

55 3339 198 3388 sinerum
216 3336 348 3400 estquod
366 3337 502 3401 suspicor,
526 3350 682 3385 nonense
701 3335 750 3384 eis
769 3335 1007 3393 ultimamsma-

55 3420 130 3455 num
148 3403 372 3470 impositam“
391 3405 427 3454 cf.
440 3404 496 3456 ibd.
510 3420 536 3468 p.
548 3405 598 3454 431
616 3418 702 3466 „cum
719 3429 752 3438 —
769 3418 808 3452 ne
826 3400 1007 3466 perfectae

55 3474 193 3538 quidem
212 3476 246 3522 et
263 3473 401 3537 pentius
419 3469 712 3537 expolitacsint“).
