2326 3922
155 189 196 254 26
435 204 467 250 u.
483 204 616 251 nuunur
632 204 789 251 sauuceu

155 352 183 405 et
199 345 248 423 qui
264 344 362 404 fronte
378 344 465 404 nimis
480 344 604 404 crimina
620 345 724 405 tetrica

143 436 302 506 ¹quaerunt
317 447 351 487 ac
366 436 484 489 ueteres
500 429 652 489 excutiunt
667 445 737 489 reos

155 512 521 591 llcntesliurydicen
544 513 660 596 iuridici
675 512 791 576 sedent.

121 684 166 747 ε’,
199 682 332 743 Tandem
354 681 484 742 martis
507 682 546 741 ait
561 682 748 743 ‘vincimur'
765 682 913 747 arbiter

148 767 291 827 '‘euada
311 767 352 826 ad
375 784 535 843 superos
557 765 622 842 lege
638 775 736 827 tamen
753 767 834 829 data:

155 856 204 912 ‘tu
219 858 286 930 pest
302 859 383 927 terga
400 852 441 910 tui
457 869 548 929 perge
565 852 620 910 uiri
636 870 745 911 comes.
811 850 814 857 '

155 935 203 995 ‘tu
220 954 278 996 nan
295 943 360 996 ante
376 944 457 994 tuam
472 937 588 1012 respice
605 939 760 1013 coniugem
807 962 809 967 ·

155 1023 261 1100 ‘quam
278 1039 345 1080 cum
362 1018 440 1079 clara
457 1020 529 1080 deos
545 1019 683 1098 optulerit
698 1021 761 1082 dies

155 1106 362 1182 ‘spartanique
378 1102 473 1162 aderit
487 1105 572 1163 ianua
589 1103 739 1165 Taenari?

114 1271 144 1330 e‘'
198 1271 265 1332 Odit
281 1290 370 1333 uerus
385 1290 540 1332 amornec
555 1273 665 1348 patitur
681 1291 789 1335 moras.

154 1375 262 1418 munus
278 1358 347 1417 dum
364 1365 504 1435 properat
520 1374 658 1425 cernere,
675 1359 813 1434 perdidit.

155 1444 275 1503 euincas
291 1444 402 1503 utinam
418 1445 481 1501 iura
498 1441 578 1501 lerae
594 1441 691 1520 Stygis

154 1528 374 1602 Parcarumque
390 1525 471 1585 colos
486 1544 546 1586 nan
563 1526 765 1587 reuocabiles:

156 1629 246 1688 quae
267 1612 369 1670 uinci
390 1611 513 1687 potuit
536 1612 641 1687 regia
663 1613 801 1682 carmine,

155 1695 245 1756 baec
261 1696 362 1756 uinci
383 1696 526 1773 poterit
546 1696 649 1770 regia
671 1695 797 1758 uiribus

498 1877 681 1925 Huucvnus

122 2005 138 2039 a
244 1980 267 2041 0
283 1981 355 2042 lucis
371 1982 465 2043 almae
480 1990 580 2044 rector
596 1991 625 2043 et
641 1983 714 2045 caeli
730 1985 828 2052 decus,

156 2067 205 2143 qui
222 2065 333 2127 alterna
350 2087 438 2128 curru
455 2071 549 2147 spatia
564 2068 739 2130 flammifero
755 2068 889 2129 ambiens

155 2151 279 2211 inlustre
294 2152 358 2212 latis
375 2154 471 2212 exeris
486 2154 575 2212 terris
591 2161 687 2231 caput,

155 2236 190 2296 da
206 2236 326 2296 Phoebe
343 2240 476 2306 ueniam,
493 2237 602 2313 siquid
620 2238 762 2298 inlicitum
778 2239 822 2298 tui

155 2321 257 2393 uidere
273 2321 381 2382 uultus,
411 2324 507 2381 iussus
523 2321 550 2378 in
567 2321 663 2382 lucem
681 2321 770 2383 extuli

155 2424 262 2466 arcana
278 2406 388 2466 inundi.
419 2412 532 2482 tuque
549 2405 709 2467 caelestum
726 2406 837 2467 arbiter

39 2549 43 2555 .
155 2508 321 2569 parensque
336 2492 418 2549 uisus
433 2488 556 2550 fulmine
572 2493 708 2569 apposito
723 2486 800 2567 tege.

118 2575 141 2633 a'
198 2574 240 2633 Et
262 2582 298 2633 tu
322 2574 452 2634 secundo
469 2577 560 2635 maria
577 2578 627 2653 qui
643 2583 761 2654 sceptro
776 2577 865 2653 regis,

155 2660 228 2717 imas
243 2665 311 2734 pete
328 2658 432 2719 undas.
462 2661 594 2737 quisquis
610 2679 644 2720 ex
661 2659 718 2720 alto
736 2660 862 2739 adspicit

154 2750 271 2801 terrena
288 2741 361 2802 lacie
377 2741 467 2821 pollui
484 2752 619 2804 metuens
634 2762 720 2815 noua,

155 2828 248 2886 aciem
265 2827 396 2887 rellectal
412 2846 522 2906 oraque
538 2830 568 2887 in
586 2828 697 2888 caelum
715 2829 809 2905 erigat

155 2919 289 2988 portenta
306 2913 431 2990 lugiens
460 2913 519 2972 hoc
534 2912 618 2973 nelas
634 2921 758 2975 cernant
773 2913 831 2973 duo

156 3066 358 3073 m—

222 3133 272 3184 583
295 3132 376 3182 nimis
395 3138 468 3182 tetra
490 3135 516 3183 V
544 3133 660 3182 crimina
678 3135 704 3182 in
722 3148 769 3197 mp.
792 3134 818 3183 V
849 3129 862 3200 ΙΙ
895 3134 943 3182 691
969 3131 1074 3182 trenali

159 3200 184 3249 V
211 3195 224 3264 Η
255 3201 304 3249 563
328 3200 526 3251 irreuocabiles
545 3217 564 3250 α
593 3217 657 3251 uon
679 3199 859 3251 reuolubiles
877 3199 1073 3250 Broukbuuaiaa

155 3275 180 3316 et
197 3267 358 3317 Burmannus
386 3263 400 3334 l]
428 3271 478 3318 594
502 3268 692 3318 carmineEV
713 3268 879 3318 cantibusA
913 3264 928 3334 [Ι
961 3268 1013 3318 aad
1031 3266 1072 3317 al·

155 3351 215 3384 mae
238 3336 382 3386 eGnietani
403 3340 537 3401 eaenzptar
566 3336 637 3385 alme
655 3336 680 3385 A
715 3331 733 3402 ΙΙ
770 3337 820 3386 698
847 3336 914 3386 latis
932 3334 958 3385 E
987 3335 1073 3387 laetis

155 3404 204 3467 Αφ
233 3401 245 3470 Η
275 3407 323 3454 601
344 3405 482 3454 arschana
500 3404 556 3454 EV
583 3408 694 3454 secreta
711 3405 736 3452 A
766 3399 778 3468 ll
807 3402 950 3455 celestium
971 3404 1019 3467 Vp
1049 3398 1062 3469 ΙΙ

155 3472 203 3521 603
222 3474 309 3521 maria
328 3472 417 3522 abesae
435 3473 579 3522 uideturV
605 3468 616 3537 ΙΙ
645 3473 696 3521 604
714 3472 834 3536 petendo
856 3466 923 3536 V¹ll
