2326 3922
161 211 224 276 296
443 225 475 271 u.
493 223 626 271 anunm
642 224 800 272 sennenn
846 274 851 293 ,

128 365 154 424 ε’
205 376 270 423 ras,
295 363 369 423 Dum
385 361 454 422 licet
470 362 553 422 abire
569 363 727 441 profuge
742 372 831 441 teque
846 363 917 425 hinc
934 367 1028 445 eripe:

162 449 260 527 grauis
276 449 321 507 ira
337 465 442 525 regum
458 455 503 508 est
518 466 645 526 semper.

161 546 246 594 uun.
677 532 734 592 hoc
749 533 857 593 suades
872 534 964 604 mihi,

161 624 295 695 praestas
311 616 454 677 Creusae:
478 615 621 693 paelicem
637 617 762 677 inuisam
778 635 911 679 amones.

128 713 141 761 f
204 714 269 761 rau.
293 701 396 762 Medea
413 718 529 761 amores
545 700 653 761 obicit?

162 800 248 846 mnu.
677 793 708 845 ει
723 785 845 847 caedem
860 793 892 846 ει
906 785 1001 847 dolos.

161 883 227 931 uss.
253 869 379 930 Obicere
396 869 512 929 tandem
528 869 608 948 quod
623 877 720 947 potest
735 872 877 931 crimen
892 871 982 931 mihi?
1087 879 1126 927 ooo

161 968 246 1016 Mul).
272 954 481 1033 quodcumque
498 954 564 1014 ieci.

161 1051 227 1099 los.
598 1046 690 1098 restat
705 1038 762 1098 hoc
776 1056 868 1099 unum
885 1041 1022 1116 insuper,

161 1124 235 1184 tuis
251 1131 283 1182 ut
298 1123 385 1182 etlam
401 1121 565 1182 sceleribus
580 1121 648 1183 riam
665 1140 813 1183 nocens.

126 1218 147 1276 f‘
203 1220 289 1267 mnu.
313 1207 387 1266 Tua
403 1205 451 1267 illa
467 1214 527 1266 tua
543 1214 613 1266 suni
627 1205 692 1267 iila:
716 1209 763 1268 cui
779 1208 903 1286 prodest
917 1208 1054 1277 scelus,

160 1295 185 1353 is
202 1293 278 1352 iecit.
311 1308 413 1350 omnes
430 1293 585 1366 coniugem
602 1291 741 1352 infamem
757 1300 899 1370 arguant:

162 1376 242 1438 solos
259 1386 356 1444 tuere,
375 1374 455 1436 solus
470 1376 617 1436 insontem
635 1394 718 1436 uoca.
1084 1383 1123 1433 505

161 1461 214 1521 tibi
230 1462 372 1521 innocens
387 1462 424 1520 sit
440 1461 571 1539 quisquis
587 1468 631 1520 est
645 1478 701 1538 pro
717 1470 746 1520 ιε
761 1478 919 1521 nocens«

126 1580 144 1628 g
204 1557 270 1603 uns,
293 1545 409 1622 Ingrata
427 1546 486 1604 uita
502 1552 546 1604 esi
561 1546 666 1605 cuius
681 1553 862 1624 acceptae
876 1546 999 1622 pudet.

126 1639 152 1711 g'
204 1642 289 1688 mul).
312 1628 476 1690 Retinenda
492 1647 551 1688 non
569 1636 612 1689 est
627 1632 734 1689 cuius
755 1637 932 1708 acceptae
954 1631 1069 1708 pudet.

126 1732 143 1780 h
206 1726 269 1772 ιιι.
295 1715 370 1784 Quin
386 1715 484 1792 potius
499 1714 543 1773 ira
559 1716 708 1775 concitum
724 1721 829 1793 pectus
844 1714 940 1775 doma.

160 1796 279 1876 placare
295 1800 401 1857 natis.
1086 1804 1124 1852 510

160 1895 245 1941 mun.
423 1881 526 1942 abdico
544 1882 627 1941 eiuro
642 1881 750 1943 abnuo.

161 1968 234 2026 meis
250 1965 359 2026 Creusa
376 1964 478 2027 liberis
495 1966 600 2026 fraires
616 1965 713 2026 debiti

125 2060 152 2118 h'
204 2063 269 2111 ms,
292 2050 405 2128 Regina
422 2052 520 2110 natis
536 2049 653 2110 exulum
670 2050 794 2113 adflictis
808 2058 923 2128 potens.

160 2149 245 2195 Mun.
270 2153 330 2194 non
347 2137 446 2194 ueniat
460 2153 601 2213 umquam
617 2143 676 2196 tam
694 2135 787 2197 malus
802 2136 920 2195 miseris
934 2135 1013 2204 dics,

161 2222 210 2298 qui
226 2219 310 2297 prole
328 2219 411 2279 foeda
428 2221 550 2280 misceat
565 2218 679 2298 prolem
696 2219 836 2279 inclitam.

160 2303 290 2385 [Phoebi
303 2313 425 2381 nepotes
440 2305 565 2382 Sisyphi
577 2302 760 2384 nepotibus]
1085 2307 1123 2356 5¹5
1160 2378 1162 2385 Ι

124 2411 142 2459 h
203 2401 269 2449 JAS.
293 2388 369 2458 Quid
385 2390 491 2450 misera
508 2408 615 2468 meque
632 2397 719 2466 teque
734 2389 764 2448 in
780 2389 901 2448 exitium
915 2389 1024 2449 trahis?
1160 2394 1162 2407 '

161 2472 289 2533 abscede
304 2492 422 2552 quaeso.

160 2570 244 2617 mnu.
480 2557 641 2634 supplicem
659 2557 770 2618 audiuit
785 2557 887 2618 Creo.

160 2653 224 2700 ms.
242 2641 312 2719 quid
327 2643 426 2702 iacere
441 2643 552 2720 possim
568 2640 700 2719 loquere.

159 2738 244 2783 Mul).
744 2744 799 2804 pro
815 2727 882 2786 mei
905 2725 955 2786 uel
970 2725 1068 2787 seclus,

122 2825 150 2880 h'
202 2821 268 2870 ras,
293 2809 368 2869 Hinc
385 2828 438 2869 rex
454 2816 484 2870 ει
499 2807 588 2869 illinc.

158 2907 244 2954 Mun.
645 2901 689 2955 est
705 2901 733 2955 ει
748 2894 793 2954 his
808 2895 903 2955 maior
920 2903 1032 2956 metus:

157 2978 291 3039 Medea.
323 2996 377 3038 nos
393 2978 527 3056 conflige.
560 2985 708 3039 certemus
723 2981 801 3048 sine,
1086 2978 1123 3030 52⁰
1159 2940 1162 3087 1

224 3163 275 3212 499
293 3178 382 3212 mores
400 3164 425 3212 Ε
448 3178 555 3213 amores
573 3163 599 3213 A
622 3159 634 3229 11
658 3162 760 3226 obijcis
778 3164 803 3213 A
822 3163 913 3214 obicit
930 3171 971 3229 ψε
993 3162 1006 3232 11
1028 3166 1072 3215 600
1160 3174 1162 3211 ῑ

157 3227 280 3292 obijcere
295 3232 398 3280 crimen
411 3231 482 3295 quod
495 3238 574 3295 potes
586 3231 697 3280 tandem
711 3230 777 3280 mihi
790 3232 814 3280 A
835 3231 948 3282 obicere
966 3233 1071 3283 tandem

156 3296 230 3360 quod
248 3302 342 3361 potest
361 3300 464 3348 crimen
482 3299 567 3347 michi
585 3295 694 3364 6311612
713 3299 779 3350 IAS.
795 3314 842 3349 om.
856 3301 883 3349 A
895 3300 971 3365 11613
988 3299 1070 3349 MED.

155 3382 203 3416 om.
217 3366 242 3414 A
255 3363 267 3430 11
280 3365 367 3415 malus
380 3367 405 3415 A
424 3366 512 3415 malus
525 3383 592 3416 corr.
606 3382 642 3415 ec:
654 3366 735 3416 malis
747 3364 781 3415 Ε1
795 3362 869 3432 11616
882 3369 1072 3419 moenium
1160 3386 1162 3391 ·

155 3435 217 3482 uitio
236 3434 381 3501 deformem.
404 3430 416 3498 11
439 3435 488 3482 616
507 3433 619 3483 exilium
637 3434 686 3497 Εψ
705 3434 818 3483 exitium
839 3450 857 3483 α
880 3431 893 3498 11
915 3437 967 3486 6ἳο
985 3434 1072 3486 confli-

152 3515 220 3564 gere
240 3516 262 3549 ω
281 3501 411 3565 coniflige
430 3516 449 3550 α
467 3498 496 3566 (ι’.
510 3517 532 3552 e.
547 3501 648 3564 confer,
668 3517 784 3566 conpara
795 3502 830 3565 ef.
845 3501 915 3552 Bnd.
928 3505 967 3554 ad
975 3504 1001 3557 Ιι,
1012 3498 1063 3567 6111
1160 3554 1162 3567 ,
