2326 3922
439 213 588 261 OEDlPl'S

57 369 225 431 uacuosque
241 350 357 412 uultus?

56 449 139 498 001).
387 437 451 515 quis
467 436 525 495 frui
541 435 671 496 tenebris
686 437 783 497 uetat?

57 524 123 600 quis
139 520 238 580 reddit
252 520 372 581 oculos?
396 521 498 582 matris
513 520 572 581 lieu
588 522 690 581 matris
706 538 805 582 sonus.
992 532 1057 582 1035

24 632 41 666 a
100 604 286 666 Perdidimus
301 623 432 683 operam.
464 604 606 683 congredi
620 607 664 665 fas
680 605 806 684 amplius

56 690 129 750 haut
146 697 198 750 est.
231 689 373 750 nefandos
389 689 499 750 diuidat
514 700 631 751 uastum
649 708 729 749 mare

55 775 235 851 dirimatque
244 773 337 841 ,tellus
353 772 451 835 abdita
467 782 496 834 et
511 776 644 852 quisquis
659 773 714 834 sub
731 775 787 835 lioc
888 800 890 804 ·
990 798 1011 839 r.
1027 797 1060 837 cu

55 861 86 918 iu
103 859 158 919 alia
175 876 279 919 uersus
294 859 390 919 sidera
406 876 441 919 ac
456 856 549 920 solem
566 860 650 919 auius

56 943 206 1020 dependet
222 942 302 1003 orbis
318 943 443 1004 alterum
460 961 496 1003 ex
513 942 598 1004 nohis
618 944 700 1004 ierat.
994 953 1058 1003 1040

58 1040 127 1090 100.
152 1027 202 1088 1011
216 1029 270 1088 1010
286 1026 372 1105 culpa
389 1037 442 1088 est.
474 1046 561 1087 nemo
578 1029 610 1087 iit
624 1028 684 1088 lato
702 1046 823 1090 nocens.

20 1140 37 1173 0
101 1126 184 1173 001),
208 1111 268 1172 lam
285 1130 375 1190 parce
392 1111 492 1172 uerbis
507 1120 602 1172 mater
618 1122 646 1173 et
662 1130 750 1189 parce
765 1112 897 1174 auribus

57 1215 113 1274 per
128 1196 181 1256 has
198 1196 337 1274 reliquias
353 1197 488 1274 corporis
504 1199 602 1256 trunci
617 1213 727 1274 precor

56 1300 112 1358 per
127 1282 344 1359 inauspicatum
360 1281 512 1359 sanguinis
526 1281 633 1359 pignus
649 1283 707 1341 mei

57 1384 113 1444 per
130 1383 218 1425 omne
233 1367 325 1425 nostri
341 1367 467 1426 nominis
482 1366 527 1425 100
542 1365 706 1426 0000100.
899 1395 902 1400 >
994 1375 1058 1424 1045

19 1452 44 1511 c'
101 1461 171 1511 100.
196 1448 270 1518 Quid
286 1451 384 1511 anime
400 1450 518 1529 torpes?
541 1451 620 1510 socia
636 1468 689 1510 cur
705 1448 851 1511 scelerum
868 1450 938 1512 dare

58 1552 198 1611 poenas
214 1534 353 1595 recusas?
376 1552 463 1594 omne
479 1534 634 1595 contusum
650 1536 727 1613 perit

57 1625 172 1680 incesta
188 1638 242 1697 per
257 1627 286 1678 te
302 1620 375 1679 iuris
391 1619 511 1679 humaui
527 1619 630 1679 decus:

57 1721 209 1763 morere
225 1711 253 1763 et
268 1703 452 1764 nefastum
468 1705 602 1780 spiritum
619 1702 699 1764 ferro
716 1706 809 1781 exige.

22 1813 39 1847 c
101 1787 167 1848 Non
184 1789 208 1848 si
223 1790 286 1864 ipse
301 1787 442 1848 muudum
460 1788 609 1848 concitans
626 1788 727 1848 diuum
743 1797 822 1848 sator
994 1797 1059 1845 1050

58 1889 184 1932 corusca
200 1890 289 1933 saeua
303 1871 360 1932 1010
375 1871 519 1932 iaculetur
534 1889 637 1942 manu,

58 1974 200 2035 umquam
215 1956 378 2035 rependam
393 1955 554 2016 sceleribus
570 1974 708 2034 poenas
724 1975 811 2034 pares

58 2049 153 2101 mater
168 2041 339 2102 nefanda.
370 2058 469 2100 mors
484 2039 594 2117 placet:
618 2042 721 2102 mortis
736 2044 783 2102 uia

58 2133 229 2202 quaeratur.
274 2121 277 2126 ’
313 2202 316 2209 ¹

25 2210 49 2267 c'
278 2208 409 2287 Agedum
426 2209 579 2271 commoda
596 2211 682 2269 matri
698 2228 832 2279 manum,

59 2295 82 2354 'si
96 2294 247 2373 parricida
263 2311 304 2353 00.
335 2301 426 2353 000101
443 2293 499 2352 hoc
516 2296 598 2371 operi
615 2294 760 2355 ultimum.
993 2301 1058 2350 1055

59 2379 191 2456 rapiatur
208 2379 296 2438 ensis.
328 2377 385 2437 hoo
401 2378 476 2437 iacet
492 2377 570 2437 terro
581 2397 670 2458 *meus

61 2465 200 2524 coniunx.
231 2463 300 2541 quid
315 2461 397 2523 illum
414 2462 628 2532 nominelraud
644 2481 717 2524 uero
733 2463 840 2523 uocas?

61 2566 146 2609 socer
161 2556 215 2608 est.

31 2636 55 2688 α’
266 2631 408 2692 Vtrumne
423 2631 537 2708 pectori
552 2631 668 2710 infigam
685 2650 752 2692 meo

61 2715 150 2776 telum
167 2732 205 2776 00
223 2718 333 2795 patenti
350 2715 501 2777 conditum
518 2716 616 2794 iugulo
632 2717 809 2794 inprimam?

62 2800 171 2879 eligere
186 2803 285 2862 nescis
300 2799 425 2862 uulnus:
449 2800 529 2861 hunc
545 2800 648 2862 dextra
664 2801 743 2861 hunc
759 2809 826 2878 pete
996 2806 1062 2856 1000

63 2893 179 2947 uterum
197 2903 336 2964 capacem
351 2886 402 2964 qui
418 2886 516 2945 uirum
534 2892 563 2945 et
579 2885 772 2963 gnatos-tulit.

127 3090 197 3140 1034
208 3089 264 3138 frui
277 3092 340 3151 etp
359 3091 387 3137 01
399 3103 445 3138 om.
459 3087 510 3135 EA
523 3081 535 3151 Η
553 3090 618 3137 1030
632 3092 719 3136 meter
732 3089 756 3136 A
775 3089 872 3137 metris
885 3088 945 3138 edE
965 3089 978 3149 ll

63 3170 95 3205 en
107 3157 169 3207 ε11Ε
181 3171 219 3206 on
231 3157 256 3206 A
268 3156 323 3206 heu
332 3153 478 3205 Sertuerius
490 3150 501 3218 Η
515 3156 579 3205 1039
593 3155 685 3203 cuium
697 3155 748 3203 EA
763 3156 846 3205 alium
858 3164 881 3219 ψ
895 3157 978 3204 auius

62 3226 155 3288 scripsi
164 3220 177 3288 ll
195 3225 261 3274 1043
300 3228 344 3273 010
362 3222 388 3271 Ε
405 3237 504 3286 precor
521 3223 547 3272 A
563 3218 575 3287 ll
592 3224 657 3272 1045
675 3237 709 3271 ae
727 3222 775 3286 Εψ
796 3227 824 3272 01
843 3224 866 3272 Α
884 3218 896 3287 Η
914 3223 979 3271 1041

64 3295 207 3340 contusum
224 3290 249 3340 Ε
319 3292 385 3340 1048
403 3291 517 3340 Incesta
535 3290 580 3340 εΑ
599 3291 712 3339 Incerta
730 3298 753 3354 ψ
783 3287 794 3355 ll
843 3292 901 3338 erte
920 3296 943 3348 ψ
965 3289 976 3350 ll

67 3359 127 3411 1049
145 3363 176 3408 01
192 3356 218 3407 Ε
237 3362 268 3408 01
283 3358 309 3407 A
328 3357 377 3408 sed
395 3352 441 3422 gall
455 3358 520 3407 1050
538 3362 614 3406 sator
632 3366 674 3421 εψ
692 3362 771 3422 pater
790 3357 813 3405 A
823 3306 840 3421 ll
852 3356 916 3406 1058
935 3369 977 3404 so-

64 3438 125 3475 0000
143 3430 304 3490 stuprumne
322 3425 348 3475 E
359 3424 371 3491 ΙΙ
383 3427 449 3476 1060
467 3425 579 3489 Fligere
597 3425 622 3474 E
633 3421 645 3491 ll
658 3427 722 3476 1061
742 3427 841 3489 gnatos
860 3422 884 3470 E
901 3423 975 3474 Voss.

65 3496 300 3557 caesenatem
318 3509 337 3544 α
353 3494 442 3542 uirum
461 3497 573 3558 gnatum
592 3492 641 3544 Bo.
665 3489 676 3557 ll

114 3591 240 3627 sennen
254 3590 336 3645 0000.
734 3572 774 3637 15
