2326 3922
93 207 169 299 Ἰ448
492 236 637 295 ruennur

107 390 184 450 nutis
199 389 334 466 peperci,
352 385 391 446 nil
407 404 463 464 ego
478 403 495 445 a
511 385 629 465 superis
644 387 706 464 peti

107 472 255 534 incolume
271 479 357 532 nato:
380 470 451 549 quid
467 471 539 531 dare
553 468 713 531 herculeus
730 471 805 530 mibi

108 576 168 618 non
184 563 302 636 poterat
316 556 424 617 ardori
449 556 514 634 quis
530 556 604 616 deus
619 554 779 634 quidquam
798 555 874 616 mibi

108 658 218 719 negare
234 641 368 720 poterat?
391 648 459 702 uota
475 642 505 700 in
521 639 578 700 hac
593 640 711 701 fuerant
726 658 839 700 manu:

109 726 250 804 quicquid
268 733 390 805 negaret
404 724 537 805 luppiter
553 725 637 785 daret
651 723 807 786 Hercules,

108 811 178 890 quid
194 809 252 871 tale
267 810 403 886 genetrix
418 810 478 871 ulla
493 808 627 870 mortalis
643 809 729 870 tulit?

110 895 230 957 defleuit
245 894 341 974 aliqua
358 903 451 955 mater
468 903 497 956 et
512 902 575 955 toto
590 895 671 955 stetit

109 982 221 1041 succisa
238 980 299 1040 fetu
315 979 420 1058 bisque
435 987 575 1059 septenos
589 995 678 1058 rogos

110 1064 260 1142 deplanxit
275 1082 348 1125 una:
374 1064 515 1142 gregibus
530 1065 651 1143 aequari
666 1081 751 1124 meus

112 1159 184 1228 quot
198 1148 247 1209 ille
263 1149 396 1226 poterat?
419 1148 565 1210 matribus
580 1149 697 1208 miseris
711 1148 810 1225 adbuc

111 1232 262 1313 exemplar
277 1235 383 1311 ingens
398 1233 497 1302 derat,
515 1233 655 1295 Alcmene
671 1232 759 1295 dabo.

111 1329 224 1379 cessate
240 1327 364 1389 matres,
380 1320 517 1396 pertinax
532 1320 557 1379 si
571 1336 646 1397 quas
661 1317 746 1379 dolor

111 1403 207 1464 adbuc
223 1403 304 1464 iubet
319 1402 422 1481 lugere
438 1421 512 1482 quas
527 1403 624 1465 luctus
640 1404 740 1479 grauis

111 1489 140 1547 in
156 1506 227 1548 saxa
241 1490 340 1548 uertit.
373 1488 468 1549 cedite
483 1489 530 1548 bis
546 1496 669 1549 cunctae
684 1485 779 1548 malis.

112 1572 238 1648 agedum
254 1571 346 1633 senile
362 1580 466 1650 pectus
481 1592 498 1633 ο
515 1574 640 1634 miserae
656 1590 760 1633 manus

112 1655 236 1735 pulsate.
268 1666 339 1717 tune
354 1658 451 1718 luneri
466 1664 547 1719 tanto
563 1665 608 1719 sat
623 1676 656 1718 es

111 1741 278 1819 grandaeua
295 1760 369 1802 anus
385 1741 500 1803 deiecta
516 1761 604 1820 quam
621 1748 699 1803 totus
714 1739 801 1802 breui

111 1827 169 1885 iarn
186 1833 308 1904 quaeret
323 1826 422 1887 orbis?
446 1827 552 1906 expedi
567 1828 597 1887 in
612 1825 749 1905 planctus
764 1834 866 1888 tamen

112 1910 226 1971 defessa
243 1928 422 1991 quamquam
438 1911 588 1972 bracchia.
618 1911 760 1971 inuidiam
776 1919 809 1971 ut
825 1910 889 1973 deis

111 1994 240 2073 lugendo
256 1995 361 2066 laciaS,
378 1995 490 2056 adunca
505 1999 535 2056 in
551 1995 688 2076 planctus
703 2013 805 2074 genus.

393 2173 546 2224 CHORVS.
570 2177 748 2225 Ancmnu'n.

242 2265 346 2346 Flete
367 2265 566 2327 Alcmenen

198 2353 395 2428 magnique
411 2351 512 2411 louis
527 2349 656 2431 plangite
672 2360 774 2411 natum

183 2521 248 2571 1848
271 2519 358 2569 nichil
376 2520 402 2569 E
424 2520 464 2569 nil
482 2522 507 2571 Α
523 2515 537 2586 11
553 2520 619 2571 1849
637 2519 703 2585 quid
720 2520 746 2569 A
770 2535 790 2590 q
808 2521 835 2570 E
851 2517 864 2587 11
882 2524 951 2573 1850
969 2521 1030 2570 deus

113 2587 221 2704 ltili
236 2588 326 2704 llud
336 2583 887 2722 l¹i⁵ldtltli¹tltdllltAlli
898 2591 934 2708 ἔ
947 2587 1030 2721 11ῗὲ

113 2721 249 2771 LMueller
267 2738 368 2787 rogos
387 2727 483 2788 scripsi
492 2720 504 2790 11
517 2725 583 2773 1866
602 2722 750 2773 Declausit
763 2725 788 2774 Ε
805 2675 1000 2789 Deplnnxi‘trA
1019 2726 1029 2779 ΙΙ

114 2803 235 2852 aequare
248 2789 273 2837 E
292 2793 408 2854 aequari
419 2793 444 2842 Α
457 2789 468 2855 11
480 2807 557 2841 meus
574 2793 623 2843 εΑ
641 2791 710 2840 meis
727 2788 856 2858 ψ111857
876 2793 953 2856 Quid
970 2793 1030 2843 illei

114 2855 174 2920 (aia)
193 2856 218 2906 E
237 2858 311 2920 Quot
328 2858 376 2908 ille
395 2856 523 2926 Α111868
541 2860 613 2910 dabo
634 2859 658 2908 Ε
676 2858 756 2908 dabis
774 2875 791 2922 p
808 2860 889 2909 debit
909 2859 1032 2928 Α111863

115 2932 143 2974 et
161 2940 216 2974 nna
235 2943 256 2976 ω
287 2932 320 2975 at
338 2942 364 2975 u.
384 2927 434 2980 Bo.
466 2943 506 2977 en
518 2943 544 2978 n.
559 2929 635 2981 nus.
666 2927 776 2991 pulsate
795 2933 824 2976 et
842 2927 961 2981 ubera.
979 2931 1032 2980 fun

115 2994 168 3042 GR.
186 2995 281 3059 aaripei
298 3001 373 3045 tune
386 3022 419 3029 —
433 3012 468 3045 es
480 2992 492 3061 11
510 2998 575 3047 1864
594 3009 691 3045 manus
710 2994 736 3043 E
755 3009 824 3044 anns
844 2996 870 3045 A
882 2992 895 3062 11
913 3012 994 3062 quum
1011 2993 1033 3045 Ε

114 3061 186 3124 quod
204 3063 229 3112 A
246 3058 257 3127 11
274 3063 353 3113 breui
370 3064 418 3113 εΑ
435 3065 529 3114 breuis
547 3064 619 3127 qtffl
630 3061 658 3128 9)
677 3058 772 3128 111865
789 3063 851 3112 Iam
876 3070 994 3128 quaeret
1013 3079 1033 3114 u

114 3126 186 3190 quod
206 3134 225 3178 t.
246 3129 272 3179 b.
303 3131 458 3194 Anquiret
482 3132 561 3182 Gran.
593 3147 674 3196 quam
692 3135 712 3184 t.
731 3131 757 3183 b.
778 3129 944 3195 Sequetur
962 3132 1033 3183 Nlla.

113 3197 178 3245 conl.
189 3213 213 3248 u.
226 3197 275 3247 768
294 3199 425 3248 defecta?
437 3200 497 3247 iam
509 3204 531 3252 t.
543 3200 570 3250 b.
585 3201 731 3262 Queretur
744 3199 799 3249 GR.
813 3197 891 3262 quod
903 3205 926 3249 t.
940 3201 968 3250 b.
980 3201 1035 3250 Iam

113 3263 217 3328 ploret
234 3264 393 3332 LMueuerfl
406 3266 472 3317 1866
490 3267 517 3317 b.
537 3272 567 3317 ut
585 3266 720 3316 inuidiam
738 3266 789 3316 ΕΑ
808 3266 835 3316 b.
853 3268 993 3318 inuidiam
1007 3271 1036 3316 ut

114 3330 140 3381 d.
160 3331 327 3384 Seniueriana
347 3330 358 3400 11
383 3335 448 3384 1867
468 3335 575 3386 adunca
593 3340 624 3384 ut
642 3335 671 3384 in
688 3334 820 3399 planetus
838 3335 866 3385 Ε
886 3336 1036 3388 eduoetin

113 3398 254 3462 planctum
267 3403 292 3452 A
310 3398 321 3468 11
337 3401 548 3453 ALCMENAR
565 3401 742 3453 ALCMENA
755 3401 852 3453 SOLA
865 3420 885 3454 α
903 3404 1036 3455 Planctus

112 3465 264 3519 Alcmenae
284 3469 306 3519 G
323 3471 386 3520 daec
403 3486 449 3521 om.
469 3471 495 3520 Ε
506 3480 529 3535 ψ
541 3467 553 3537 11
567 3469 710 3521 CHORVS
727 3472 826 3521 addidi.
840 3467 937 3536 111868
956 3471 1037 3523 ctio.

111 3533 139 3584 Ε
155 3550 204 3591 om.
222 3538 248 3589 A
271 3533 285 3606 11
308 3537 453 3591 alcmenae
472 3539 495 3588 E
516 3539 667 3588 Alcmenen
683 3540 708 3588 Α
730 3535 745 3600 11
