2326 3922
158 223 219 288 158
437 236 468 283 n.
484 235 618 283 sunam
635 235 789 283 snuccan

157 377 260 438 aether
276 386 304 436 et
320 379 391 436 atris
407 373 535 435 nubibus
551 375 658 434 condat
673 375 752 435 diem

158 481 192 523 ac
207 469 306 522 uestra
322 469 403 521 retro
419 460 515 520 sidera
531 458 667 537 obliquos
682 453 783 536 agant‘

157 555 269 606 retorta
285 562 397 605 cursus.
428 553 519 622 tuque
534 543 682 604 sidereum
698 551 786 623 caput
934 559 955 599 r.
969 559 1075 602 Lxxvn
1095 555 1143 604 685

156 631 270 691 radiate
286 631 371 690 Titan
387 637 418 689 tu
435 631 517 688 nelas
532 629 632 705 stirpis
647 636 715 689 tuae

158 715 331 794 speculere?
354 714 449 773 lucem
465 730 567 788 merge
584 720 613 772 et
628 713 656 772 in
673 713 812 774 tenebras
828 714 906 792 luge.

124 804 144 860 l
201 800 260 860 Cur
276 800 377 859 dextra
394 796 494 857 diuum
511 804 610 856 rector
625 805 713 875 atque
728 797 882 858 hominum
899 808 986 860 uacat

157 894 206 945 tua
223 902 277 944 nec
295 881 413 942 trisulca
430 882 556 941 mundus
572 882 700 942 ardescit
714 881 798 942 lace?

156 971 187 1028 in
203 987 249 1028 me
266 975 343 1027 tona.
373 985 420 1025 me
435 967 500 1044 fige.
532 985 579 1026 me
594 965 680 1026 uelox
696 974 810 1027 cremet

156 1060 321 1112 transactus
337 1052 422 1128 ignis.
451 1069 514 1109 sum
532 1068 643 1111 nocens
658 1052 753 1111 merui
769 1053 861 1111 mori:

156 1136 254 1215 placui
269 1153 428 1195 nouercae.
446 1169 487 1177 —
503 1135 609 1211 dignus
626 1142 737 1215 enfstu
744 1137 824 1214 pris
840 1154 895 1214 ege

156 1220 374 1298 scelerique
389 1225 470 1278 tanto
486 1219 585 1279 uisus?
608 1235 663 1295 ege
679 1218 759 1280 selus
774 1220 828 1281 tibi

163 1306 284 1365 materia
300 1304 411 1364 lacilis‘l
433 1304 490 1362 hcc
505 1321 589 1363 meus
604 1305 712 1364 meruit
726 1305 823 1381 rigor?

122 1392 151 1450 f''
207 1391 230 1450 0
246 1388 390 1450 scelere
405 1389 527 1448 uincens
542 1405 629 1447 omne
645 1389 806 1449 femineum
822 1407 926 1467 genus.

156 1493 173 1533 ο
190 1477 284 1534 maius
300 1492 369 1533 ausa
387 1482 481 1533 matre
497 1473 685 1532 monstrifera
702 1472 810 1533 malurn

155 1560 304 1636 genetrice
320 1559 413 1633 peior.
442 1555 489 1617 illa
506 1575 538 1617 se
554 1564 667 1617 tantum
683 1564 814 1636 stupro

155 1643 366 1702 contaminauit
382 1649 411 1701 et
427 1650 525 1700 tamen
541 1642 659 1700 tacitum
676 1641 726 1701 diu

155 1728 267 1786 crimen
283 1725 401 1785 biformi
419 1733 520 1803 partus
537 1724 670 1785 exhibuit
684 1734 752 1785 nota

156 1809 356 1887 scelusque
372 1810 473 1869 matris
489 1810 585 1886 arguit
600 1809 684 1870 uultu
699 1812 775 1869 truci

155 1895 309 1971 ambiguus
324 1893 430 1954 inians.
461 1893 509 1953 ille
524 1906 553 1954 te
568 1902 673 1953 uenter
688 1895 762 1954 tulit.

121 1983 144 2041 ε’
199 1978 223 2038 Ο
239 1987 285 2039 ter
300 1986 463 2056 quaterque
480 1996 624 2056 prospero
640 1978 700 2037 fate
716 1980 775 2038 dati
874 1975 877 1979 ’

153 2070 227 2140 quos
244 2064 341 2123 hausit
356 2069 385 2120 et
400 2065 527 2139 peremit
542 2069 571 2122 et
585 2063 643 2122 leto
660 2062 740 2122 dedit

154 2147 251 2207 odium
269 2146 421 2223 dolusque.
450 2149 567 2223 genitor
583 2147 701 2206 inuideo
718 2147 784 2207 tibi:

154 2230 287 2291 cclclride
303 2248 432 2290 nouerca
449 2233 542 2291 maius
559 2231 615 2290 hcc
631 2234 724 2293 maius
741 2232 850 2292 malum
866 2241 919 2293 est.

123 2347 141 2395 g
197 2329 253 2375 PH.
277 2316 313 2375 Et
329 2317 390 2392 ipsa
407 2324 525 2375 nostrae
541 2315 597 2375 lata
614 2333 761 2392 cognosco
777 2317 897 2379 domus:

153 2401 291 2476 fugienda
307 2401 435 2476 petimus
450 2399 501 2460 sed
518 2401 652 2460 melnen
668 2417 732 2460 sum
749 2408 862 2478 patene.

153 2492 180 2545 te
198 2484 245 2543 uel
261 2501 315 2561 per
330 2486 414 2561 ignes
429 2502 484 2561 per
500 2502 581 2544 mare
597 2487 732 2544 insanum
749 2502 856 2564 sequar

152 2586 302 2646 rupesque
319 2576 347 2628 et
363 2586 464 2628 amnes
480 2569 557 2629 unda
576 2586 650 2646 quos
665 2575 785 2630 terrens
800 2570 892 2646 rapit,

152 2670 337 2730 quacumque
353 2670 472 2730 gressus
488 2653 588 2713 tuleris
601 2653 656 2712 lrac
672 2671 773 2714 amens
789 2670 868 2730 agar.

150 2737 256 2796 iterum
273 2736 402 2813 superbe
418 2736 542 2813 genibus
558 2736 701 2797 aduclucr
716 2741 783 2797 tuis.
827 2735 830 2740 ’

116 2826 141 2898 g'
195 2834 286 2880 HlPP.
310 2821 419 2880 Procul
434 2821 588 2899 inpudicos
604 2839 732 2899 corpore
747 2841 763 2881 a
780 2828 860 2882 casto
876 2839 982 2883 amoue

149 2912 253 2965 tactus
283 2906 353 2984 quid
370 2905 426 2965 hcc
443 2906 504 2966 est?
527 2907 613 2965 etiam
630 2907 659 2965 in
676 2905 829 2984 amplexus
844 2907 922 2966 ruit?

217 3107 266 3156 684
286 3122 319 3155 ac
337 3123 418 3157 uersa
436 3108 460 3156 A
481 3113 611 3157 acuestra
629 3103 678 3174 ΕΗ
690 3108 740 3157 686
759 3112 866 3158 tantum
884 3124 920 3158 ne
938 3110 1020 3160 nefas
1039 3110 1067 3160 Ε

148 3174 220 3221 titan
238 3178 267 3222 tu
285 3174 366 3224 nefas
384 3178 409 3224 A
433 3173 445 3240 ll
468 3177 517 3226 687
536 3175 680 3241 speculare
698 3175 723 3224 A
746 3176 890 3240 speculare
909 3175 935 3225 Ε
951 3182 971 3229 t.
992 3176 1038 3228 Gr.
1058 3176 1068 3243 fl

148 3243 197 3292 692
216 3241 315 3306 dignus
335 3257 370 3290 an
388 3243 412 3290 A
435 3242 534 3308 dignus
553 3259 586 3293 en
605 3239 658 3309 ΕΗ
674 3245 725 3294 693
742 3244 896 3308 scelerique
915 3244 956 3295 Αε
974 3243 1066 3296 scele-

146 3310 238 3374 risque
256 3310 283 3358 V
291 3305 303 3374 ll
315 3309 364 3358 696
382 3310 505 3360 femineo
524 3316 556 3363 et.
569 3311 644 3360 NHc.
664 3311 923 3361 monstriferum
939 3313 972 3362 οἱ.
984 3310 1038 3364 Bo.
1056 3309 1068 3378 Ι

146 3379 196 3427 696
214 3381 284 3427 uncta
300 3380 402 3427 inclusit
419 3378 470 3429 Bo.
502 3376 506 3444 Ι
529 3380 578 3429 699
597 3378 722 3428 blformis
741 3379 766 3428 A
793 3379 911 3430 triformi
929 3378 955 3427 Ε
977 3375 990 3444 ΙΙ
1013 3381 1066 3430 702

146 3445 209 3495 date
228 3453 257 3560 a}
271 3447 329 3577 enati
348 3449 379 3495 ci.
399 3442 492 3511 Nlla!
517 3449 566 3496 705
583 3446 668 3496 haec
686 3450 718 3496 cl.
738 3447 813 3496 NHs.
825 3443 838 3512 ll
850 3448 900 3498 ⁷10
916 3461 1021 3511 sequar
1040 3448 1067 3497 A

145 3527 214 3576 agar
