2326 3922
143 200 185 264 90
421 212 452 259 n.
472 211 606 259 annam
621 209 777 260 sannone

144 368 222 415 ΛΤΒ.
486 351 591 430 expedi
607 349 774 430 amplexus,
792 358 892 429 pater:

144 455 264 508 uenere.
298 442 406 497 natos
427 435 532 513 ecquid
554 436 726 513 agnoscis
749 436 835 496 tuos?

109 532 128 581 d
189 536 269 582 ΤΗΥ.
297 522 467 599 Agnosco
484 521 616 581 tratrem.
643 520 771 580 sustines
787 526 899 580 tantum
915 519 1002 580 naias
1089 537 1150 586 1010

144 615 260 686 gestare
277 604 381 666 tellus?
405 621 464 670 non
480 605 515 664 ad
531 605 679 664 internam
694 612 778 685 styga

146 694 346 769 tenebrasque
363 690 491 767 mergis?
514 687 602 766 rupta
618 697 645 749 et
660 689 772 767 ingenti
787 688 835 749 uia

37 793 44 800 “
145 776 182 837 ad
199 775 290 836 chaos
306 775 392 834 inane
408 791 501 852 regna
519 791 586 834 cum
602 791 673 851 rege
689 773 821 851 abripis?

145 877 205 921 non
222 868 281 919 tota
297 858 333 919 ab
349 860 409 918 imo
425 863 502 918 tecta
519 856 691 918 conuellens
706 856 769 918 solo

146 947 237 1005 uentis
252 944 407 1023 Mycenas?

104 1028 130 1087 ‹t'
449 1025 533 1087 Stare
550 1027 628 1087 circa
643 1024 800 1087 Tantalum

146 1121 271 1190 uterque
287 1111 345 1171 iam
362 1109 533 1171 debuimus:
555 1110 625 1170 hino
642 1110 834 1190 compagibus

147 1206 175 1257 et
190 1198 259 1257 hino
274 1194 417 1264 reuulsis,
435 1197 459 1255 si
475 1195 545 1274 quid
561 1195 638 1255 inira
653 1194 777 1256 Tartara
793 1201 837 1255 est

147 1299 278 1360 auosque
293 1288 420 1349 nostros
438 1280 497 1340 huc
513 1288 591 1340 tuam
608 1280 720 1340 inmani
735 1280 801 1341 sinu

146 1367 266 1427 demitte
282 1363 390 1426 uallem
406 1383 520 1442 nosque
537 1364 671 1425 delossos
686 1372 753 1442 tege

146 1451 312 1512 Acheronte
328 1456 399 1509 toto.

104 1533 139 1590 d'
437 1533 549 1593 Noniae
564 1550 653 1611 supra
670 1539 758 1612 caput

151 1620 265 1679 animae
283 1624 428 1695 ungentur
445 1624 579 1677 nostrum
596 1624 624 1678 et
640 1617 756 1679 ardenti
770 1617 848 1678 freto

66 1706 69 1709 ’
150 1702 330 1780 phlegethon
348 1700 474 1762 harenas
488 1702 594 1779 igneus
610 1709 686 1762 totas
701 1719 792 1780 egens

152 1787 238 1846 exitia
255 1804 346 1864 supra
362 1795 461 1846 nostra
478 1784 625 1847 uiolentus
640 1786 721 1848 iluat.

148 1873 259 1931 inmota
275 1870 361 1931 tellus
376 1871 492 1948 pondus
508 1872 647 1948 ignauum
663 1873 746 1953 iacet.

115 1971 130 2004 e
192 1954 307 2033 l'ugere
323 1957 432 2033 superi.

151 2053 228 2100 nult.
445 2043 501 2101 iam
518 2041 619 2117 accipe
635 2040 689 2100 hos
704 2041 801 2117 potius
815 2037 912 2101 libens

149 2125 199 2185 diu
216 2125 367 2201 expetitos.
401 2122 479 2184 nulla
496 2141 549 2201 per
566 2124 686 2185 fratrem
703 2133 748 2184 est
762 2141 861 2184 mora:

152 2210 252 2269 fruere
269 2208 404 2268 osculare
420 2208 518 2268 diuide
534 2208 686 2287 amplexus
702 2208 805 2268 tribus.

150 2308 231 2354 THY.
258 2294 316 2354 hoo
332 2293 455 2354 ioedusl
472 2293 546 2354 haec
561 2301 607 2354 est
621 2295 732 2372 gratia?
748 2293 822 2355 haec
837 2292 938 2354 fratris
951 2292 1048 2353 adast

151 2381 193 2439 sio
209 2379 275 2438 odia
290 2379 395 2458 ponis?
416 2395 475 2437 non
493 2385 575 2455 peto,
592 2378 748 2439 incolumis
763 2385 848 2456 pater
1093 2387 1160 2438 1030

221 2565 286 2614 1009
306 2569 334 2613 et
353 2564 415 2627 quid
434 2563 459 2612 E
490 2563 589 2629 ecquid
607 2565 632 2613 Α
660 2559 673 2627 ΙΙ
703 2566 768 2614 1012
787 2568 815 2613 00
833 2578 939 2627 nosque
957 2580 979 2613 ω
998 2579 1070 2614 corr.

152 2631 269 2684 B.Sclzm.
294 2628 306 2696 ΙΙ
330 2632 497 2682 tola-1019
516 2637 592 2681 stare
610 2633 687 2681 circa
704 2632 841 2682 tentalum
856 2630 861 2694 Ι
877 2645 1004 2694 auosque
1022 2647 1071 2682 no-

154 2704 226 2748 stros
245 2700 269 2747 si
288 2699 349 2761 quis
368 2699 442 2747 intro
461 2703 569 2749 tartara
593 2703 636 2748 000
662 2696 667 2764 Ι
693 2703 810 2764 uterque
833 2701 890 2749 iam
912 2698 1071 2750 debuimus.

152 2767 217 2815 hinc
236 2764 416 2829 compagibus
431 2762 436 2829 Ι
453 2772 481 2814 00
492 2767 558 2815 hinc
570 2767 687 2817 reuulsis
700 2768 754 2816 huc
767 2769 844 2816 tuam
862 2765 975 2816 immani
988 2767 1053 2817 sinu
1067 2766 1072 2831 '1

152 2834 260 2883 dimitte
278 2832 381 2882 uallem
399 2831 424 2881 A
460 2837 533 2884 stare
553 2850 577 2888 c.
596 2837 615 2883 0.
636 2834 641 2898 l
661 2839 775 2900 uterque
793 2835 812 2883 i.
832 2833 858 2888 d.
875 2834 903 2886 h.
923 2849 947 2885 c.
968 2829 973 2899 Ι
996 2839 1026 2885 00
1042 2835 1072 2884 h.

152 2917 173 2951 r.
194 2901 303 2964 siquid
327 2901 401 2950 infra
420 2899 560 2950 tartaree
584 2901 588 2964 l
616 2917 738 2967 auosque
761 2905 870 2952 nostros
893 2902 946 2951 hoc
967 2905 1019 2951 tna
1042 2902 1074 2951 in

153 2969 227 3017 mani
248 2970 311 3018 sinu
337 2966 340 3034 Ι
369 2969 484 3018 demitte
503 2969 579 3018 ualle
603 2966 711 3033 (ualles
728 2978 747 3023 t.
768 2970 829 3031 Gr.)
848 2969 873 3020 E
903 2965 914 3037 ΙΙ
944 2971 1011 3019 1022
1030 2975 1075 3020 to-

153 3041 196 3085 tas
215 3037 270 3084 ΕΑ
297 3042 402 3087 ‘tortas
425 3052 482 3086 mss.
506 3041 645 3087 conoeusn'
666 3037 711 3102 (l)
729 3037 782 3088 Ba.
812 3033 823 3104 ΙΙ
859 3039 926 3089 1024
947 3037 1027 3089 incon
1045 3040 1074 3088 Α

152 3104 228 3152 iacet
246 3104 271 3152 Ε
294 3100 306 3168 Η
337 3106 402 3154 1025
420 3120 467 3154 om.
485 3114 509 3169 ψ
536 3105 633 3169 fugere
653 3107 754 3171 superi.
772 3105 817 3158 At.
837 3110 867 3156 00
886 3106 984 3170 accipe
1004 3103 1074 3166 (Re-

154 3170 216 3234 cipe
240 3172 262 3220 li
285 3187 332 3225 ona.
357 3170 401 3223 At.
427 3171 476 3233 at.)
512 3172 561 3222 hos
585 3173 679 3237 potius·
704 3174 796 3224 libens
819 3174 926 3239 Recipe
949 3171 1075 3236 (Atreus.

155 3238 260 3302 Accipe
280 3239 313 3299 Ii)
338 3239 422 3289 hosce
443 3240 535 3290 citius.
566 3239 661 3291 liberis
684 3242 797 3290 tandem
815 3242 871 3292 suis
885 3242 909 3291 A
930 3239 992 3304 (nini
1004 3245 1077 3308 quod

154 3322 204 3356 oon
217 3309 280 3356 nielli
290 3314 313 3369 ψ
332 3307 411 3355 tcerbo
429 3308 527 3373 fugero
546 3309 647 3372 superi,
667 3310 712 3358 olii
723 3309 802 3359 uerba
819 3309 878 3360 Atr.
897 3309 1075 3361 tat-libens

154 3374 281 3436 omittunt)
301 3375 398 3440 fugere
422 3376 515 3440 superi
533 3376 613 3426 ΛΤΒ.
631 3377 736 3442 Accipe
759 3377 808 3428 hos
827 3378 918 3442 potina
937 3376 1031 3428 libens
1047 3378 1076 3427 Ε

83 3479 87 3487 .
154 3442 339 3576 1001Εοῆοί00
362 3443 524 3494 ci.B.Srlrm.
546 3442 607 3508 [nrm
631 3441 783 3510 suscipei]
813 3441 824 3511 ll
855 3446 920 3496 1028
943 3445 1029 3496 THY.
1047 3447 1076 3496 A

153 3525 199 3561 om.
