2326 3922
136 209 201 277 272
418 228 451 275 n.
469 225 601 274 cuntur
616 225 774 275 suuucsn

139 376 261 446 ruptum
279 365 404 426 cerebro
420 367 537 445 penitus
552 383 702 446 expresso.
733 367 811 428 iacet

140 452 273 512 deforme
289 468 409 528 corpus.
501 496 503 501 .

139 551 244 598 nunu.
449 537 492 596 sic
508 553 626 614 quoque
641 543 686 598 est
700 535 806 597 similis
818 538 905 616 patri.

104 714 123 763 d
183 720 285 766 nvnc.
310 705 458 784 Praeceps
473 715 505 766 ut
520 704 585 766 altis
600 706 708 766 cecidit
723 724 740 765 e
754 707 850 767 muris
866 724 942 786 puer

139 792 281 870 lleuitque
296 790 439 850 Achiuum
456 790 543 850 turha
559 790 637 868 quod
653 789 722 852 lecit
738 790 823 852 nolas

139 877 218 936 idem
234 873 282 934 ille
297 873 425 952 populus
440 873 518 936 aliud
535 874 572 934 ad
587 874 700 955 lacinus
715 875 793 937 redit

139 958 345 1037 tumulumque
361 957 496 1019 Achillis:
520 960 603 1021 ouius
618 969 784 1020 extremum
799 960 878 1022 latus

139 1045 260 1104 rhoetea
277 1043 335 1103 leni
349 1042 512 1105 uerberant
525 1043 616 1104 fluctu
632 1044 717 1106 uada.

104 1129 130 1188 d'
183 1133 295 1190 Auersa
311 1129 403 1205 cingit
418 1146 541 1206 campus
556 1138 585 1189 et
600 1127 678 1190 cliuo
692 1128 753 1190 leui

140 1222 237 1275 erecta
254 1213 383 1273 medium
398 1211 483 1273 uallis
499 1213 653 1274 includens
667 1213 767 1274 locum

140 1300 247 1359 crescit
263 1298 371 1358 theatri
385 1315 478 1358 more.
509 1316 673 1359 concursus
688 1299 831 1377 frequens

139 1382 263 1462 inpleuit
278 1400 366 1443 omne
381 1380 463 1444 litus:
488 1382 518 1443 hi
533 1382 633 1445 classis
648 1401 761 1445 moram

140 1469 195 1528 hac
212 1476 307 1528 morte
323 1465 399 1528 solui
414 1474 533 1538 rentur,
550 1468 581 1528 hi
595 1469 719 1545 stirpem
735 1468 864 1530 hostium

140 1551 270 1630 gaudent
284 1551 387 1613 recidi.

106 1663 121 1696 e
411 1669 414 1674 ·
428 1637 533 1714 Magna
548 1654 618 1715 pars
633 1635 714 1714 uulgi
728 1636 806 1698 leuis

140 1721 201 1782 odit
216 1721 312 1782 scelus
327 1727 499 1800 spectatque
513 1738 570 1781 nec
584 1720 678 1782 Troes
693 1723 790 1783 minus

140 1824 226 1866 suum
243 1807 432 1883 frequentant
448 1805 535 1866 l'unus
550 1812 579 1866 et
594 1806 695 1883 pauidi
710 1815 790 1874 metu

140 1884 255 1970 partem
270 1891 384 1951 ruentis
400 1889 532 1950 ultimam
549 1890 655 1955 Troiae
671 1889 788 1952 uident:

141 1994 207 2035 cum
224 1975 320 2035 subito
337 1973 457 2034 thalami
472 1992 556 2036 more
570 1976 754 2052 praecedunt
769 1977 849 2037 laces

141 2068 170 2120 et
184 2059 319 2138 pronuba
337 2058 376 2119 illi
392 2058 536 2138 Tyndaris
552 2068 697 2120 maestum
714 2069 804 2139 caput

141 2145 314 2204 demissa.

107 2229 131 2288 ε’
343 2227 408 2288 Tali
423 2227 516 2288 nubat
530 2228 690 2290 Hermione
706 2230 811 2300 modo,

140 2314 273 2391 Phryges
288 2321 459 2393 precantur.
490 2315 534 2373 sic
549 2315 614 2374 uiro
631 2315 726 2393 turpis
741 2334 795 2376 suo

142 2398 282 2458 reddatur
299 2397 420 2458 Helene,
451 2405 550 2458 terror
565 2400 704 2460 attonitos
720 2405 801 2460 tenet

141 2491 282 2560 utrosque
298 2481 433 2560 populos.
464 2484 526 2560 ipsa
543 2483 713 2544 deiectos
728 2486 804 2563 gerit

140 2565 239 2625 uultus
255 2567 385 2643 pudore,
403 2568 453 2628 sed
470 2577 568 2628 tamen
584 2567 697 2646 fulgent
712 2586 806 2647 genae

140 2653 294 2729 magisque
309 2651 394 2711 solito
410 2652 544 2729 splendet
559 2659 708 2714 extremus
723 2653 824 2714 decor.

86 2771 88 2776 ι
108 2744 122 2792 f
184 2735 220 2794 Vt
235 2753 299 2796 esse
315 2736 429 2796 Phoebi
445 2736 559 2797 dulcius
573 2735 672 2798 lumen
690 2736 764 2799 solet

140 2821 255 2880 lantiam
273 2821 404 2880 cadentis
419 2830 497 2881 astra
515 2840 581 2881 cum
597 2829 736 2899 repetunt
751 2823 832 2884 uices

210 3109 274 3157 1126
293 3122 409 3157 excusso
423 3116 446 3170 ψ
466 3123 595 3172 expresso
608 3109 647 3159 εΑ
661 3105 749 3174 111127
769 3110 811 3159 sic
828 3110 854 3158 lt
872 3109 918 3159 hic
931 3110 956 3160 A
968 3104 1046 3175 Η11131

140 3174 233 3223 Fleuit
251 3171 309 3237 (om.
324 3175 386 3239 que)
406 3183 429 3237 ψ
448 3176 543 3225 Fleuit
562 3177 596 3226 ad
612 3192 630 3241 ρ
648 3177 675 3226 id
696 3176 717 3226 d
728 3173 740 3242 Η
753 3178 817 3228 1131
837 3179 917 3229 cuius
937 3177 961 3226 E
978 3173 1047 3226 huius

141 3239 268 3308 Α111132
286 3243 407 3292 theteu
425 3244 450 3292 E
495 3247 560 3294 1133
579 3243 685 3294 Auerno
702 3244 768 3294 EG?
786 3244 914 3296 Aduerso
932 3239 1049 3361 ΑΗ1136

141 3325 243 3361 moram
261 3311 287 3359 E
307 3325 399 3361 mores
417 3313 441 3359 A
502 3314 566 3362 1139
585 3318 757 3377 pecculqtdr
779 3308 792 3378 Η
817 3314 883 3364 1143
906 3314 945 3363 Et
997 3310 1050 3360 titt

140 3378 167 3426 It
187 3381 210 3427 A
224 3376 235 3445 Η
251 3379 295 3428 illi
312 3379 364 3427 EA
382 3378 440 3427 illie
459 3380 628 3441 Scaligerona
639 3377 650 3445 Η
669 3381 734 3431 1144
752 3379 831 3430 modo
848 3380 899 3445 Ede
923 3382 987 3432 face
1005 3394 1022 3428 α
1038 3378 1049 3441 ΗΣ

142 3446 207 3494 1146
225 3447 324 3496 helene
344 3459 357 3494 ε
379 3446 488 3496 Helena
508 3448 531 3494 A
556 3443 567 3512 Η
591 3454 669 3498 tenet
688 3448 712 3496 E
729 3452 822 3498 mouet
840 3449 865 3497 A
883 3454 895 3516 Η
916 3451 980 3501 1131
998 3450 1052 3500 Iam

56 3552 61 3559 .
139 3517 217 3563 semet
233 3521 327 3563 tuntum
344 3513 370 3562 E
392 3510 404 3580 Η
