2326 3922
426 215 624 263 catenario
918 217 994 263 xvn
1026 200 1043 222 ¹

43 384 110 458 quis
126 380 200 436 iare
216 385 359 435 nostras
375 377 519 433 hauserit
534 392 613 434 casus
628 383 701 432 rates
716 377 743 430 A
766 375 814 431 1155
830 375 868 431 71
886 375 994 432 nimbos

46 468 119 540 rapit
134 465 164 520 E
182 481 210 520 n.
228 463 339 518 trabit
354 461 379 516 A
396 460 455 517 123
471 461 567 534 patriis
584 459 717 516 messibus
733 461 761 514 E
775 462 889 533 patriae
904 477 996 517 nioe-

46 547 201 608 nibusA
238 547 297 604 151
321 545 440 602 membra
461 546 490 600 Ε
517 545 714 600 monstraA
750 543 810 600 222
839 563 889 619 pro
913 562 995 602 saeue

46 637 132 692 decor
154 633 183 688 Ε
216 650 243 705 p.
266 650 288 687 s.
312 629 416 687 dolor
438 630 463 685 A
483 629 528 702 (ci.
552 628 624 701 236)
654 628 715 686 252
738 628 818 685 fletus
840 632 996 704 insequitur

47 722 137 776 minas
154 717 183 772 E
207 717 225 771 1.
249 717 301 771 ins.
323 733 428 789 genas
444 714 473 770 A
503 713 563 772 393
580 731 631 770 nec
646 712 691 768 ilia
707 730 794 770 uenus
810 723 852 770 est
867 715 896 768 Ε
923 732 995 771 ma·

48 805 173 876 lisque
195 801 309 856 minus
334 811 377 856 est
400 801 425 855 A
459 799 522 855 Tro.
547 797 608 855 425
634 800 825 872 quodcumque
852 798 949 856 accidit
970 799 999 853 Ε

50 888 157 944 Troia
173 884 310 941 concidit
326 885 351 939 A
382 883 442 939 441
460 883 563 939 conditi
578 883 633 939 dite
650 891 750 940 exeunt
764 885 793 938 Ε
821 902 845 941 5.
862 885 996 940 tumulo

51 979 162 1028 exeunt.
191 969 283 1044 Multis
299 969 416 1042 denique
431 968 500 1025 locis
517 968 634 1042 genuina
649 976 747 1042 poetae
762 968 848 1024 uerba
863 968 998 1042 interpre-

54 1056 182 1113 tamentis
205 1055 328 1109 extrusit.
373 1052 560 1126 81515187
582 1052 727 1126 Lyrnesida
743 1053 772 1108 Ε
799 1053 1000 1110 BriseidaA

52 1141 101 1196 Hm
122 1139 184 1197 201
213 1145 362 1211 natumque
383 1144 463 1194 sonat
484 1137 736 1217 115151115Α111115Ε
759 1155 786 1192 5.
801 1156 823 1194 s.
840 1137 858 1194 1.
874 1139 958 1212 ltym
974 1139 999 1192 A

55 1223 131 1282 534
152 1223 299 1279 incolumis
316 1222 403 1279 adsto.
420 1222 524 1278 scilicet
543 1223 573 1276 Ε
600 1222 652 1277 155.
669 1239 751 1295 ergo
768 1221 873 1279 scilicet
888 1224 913 1279 A
943 1223 963 1278 Τ
981 1221 998 1277 9

57 1316 104 1364 551
116 1323 204 1382 poena
215 1307 288 1381 Tityi
305 1310 350 1380 qni
367 1314 544 1379 specuuasto
560 1314 658 1380 patens
668 1306 703 1368 E,
720 1314 747 1361 at
761 1307 787 1362 A
802 1307 877 1363 nulla
892 1315 1001 1363 senten·

60 1395 111 1448 tiae
125 1393 232 1448 ratione
246 1391 353 1447 habita:
376 1408 442 1464 ap.
464 1391 492 1446 Τ.
509 1407 643 1464 semper
663 1406 870 1447 recrescens
894 1392 999 1448 iecur.

58 1476 174 1550 Agant
191 1476 289 1532 cecidit
305 1475 429 1532 iniucem
445 1476 522 1532 furor
532 1483 679 1550 postquam
694 1473 802 1532 litatum
819 1484 861 1533 est
875 1476 923 1533 iilo
940 1475 1000 1548 (1.5.

59 1559 115 1633 1115)
130 1560 258 1617 Phoebus
274 1560 344 1616 redit
360 1560 400 1623 E,
423 1561 450 1615 in
464 1560 489 1614 A
504 1560 587 1616 uerba
603 1556 647 1615 ‘in
663 1559 770 1616 lucem'
786 1563 901 1635 repetita
923 1569 1001 1618 erant

61 1645 89 1700 ad
106 1642 213 1701 ‘redit'
231 1651 259 1701 et
274 1645 313 1700 eis
329 1646 445 1718 receptis
460 1662 515 1701 555
532 1644 614 1701 ‘llio’
631 1653 672 1700 est
688 1646 800 1701 extrita:
816 1645 908 1720 postq‘.
925 1646 944 1700 1.
960 1655 1002 1702 est

61 1729 214 1785 Phoebus
230 1730 261 1784 in
278 1728 388 1785 lucem
404 1729 481 1784 redit.

121 1814 195 1870 Satis
211 1819 318 1869 constat
333 1814 359 1868 in
375 1813 550 1870 recensendis
566 1821 593 1868 ot
609 1814 781 1870 emendandis
800 1814 946 1888 tragoediis
969 1815 1001 1871 ab

63 1899 89 1953 Ε
101 1898 270 1954 recensionis
286 1899 303 1952 i.
312 1913 334 1953 e.
347 1896 486 1954 florentini
499 1897 599 1954 codicis
615 1899 787 1971 potissimum
804 1898 923 1956 lectione
938 1915 1003 1973 pro-

65 1981 234 2038 boiscendum
261 1997 336 2045 esse,
366 1982 467 2055 qnippe
495 1998 564 2055 quae
590 1999 644 2038 non
672 1982 761 2039 solnm
788 1991 927 2040 uetustate
956 1984 1004 2038 sed

65 2067 201 2141 diligentia
228 2067 309 2145 etiam
340 2074 367 2121 et
392 2065 443 2122 tide
464 2066 548 2140 longe
576 2075 687 2140 superet
713 2067 833 2125 alteram.
876 2069 1003 2124 Attamen

67 2153 185 2224 quamuis
207 2167 309 2206 summa
332 2148 368 2206 sit
383 2149 445 2206 iibri
468 2150 631 2208 laurentiani
652 2154 813 2215 auctoritas,
845 2169 893 2209 eos
916 2161 1004 2208 tamen

66 2236 239 2290 uehementer
254 2242 393 2291 erraturos
408 2251 469 2292 esse
483 2235 618 2292 credimus
635 2237 715 2309 siqui
731 2238 817 2292 careri
829 2253 911 2308 posse
926 2235 1004 2291 libris

66 2318 221 2392 uolgaribus
237 2319 368 2375 auderent
384 2317 527 2375 affirmare.
551 2322 590 2375 Aa
607 2321 652 2375 551
667 2319 911 2393 prudentissimum
923 2318 1005 2375 tibra-

68 2403 132 2458 rium
153 2403 217 2459 dum
235 2403 371 2478 exemplar
385 2403 515 2460 describit
536 2403 569 2460 ab
589 2406 651 2478 ipso
667 2412 749 2477 poeta
771 2419 803 2460 eo
819 2421 874 2477 quo
895 2405 1005 2461 demon·

66 2487 212 2543 stranimus
227 2488 309 2544 modo
326 2489 499 2561 conpositum
520 2495 548 2544 et
569 2489 664 2545 alienis
680 2488 870 2546 additamentis
886 2498 1005 2553 auctum,

23 2642 26 2647 Ι
66 2587 97 2627 55
117 2569 254 2628 tumultis
275 2580 379 2630 erraret
399 2574 466 2629 satis
487 2589 586 2629 cauere
606 2575 731 2646 potuisse
746 2573 873 2647 putabis?
897 2574 948 2631 Sed
965 2575 1007 2630 155

66 2672 125 2712 5555
146 2655 192 2712 551
208 2673 356 2731 numquam
376 2674 437 2713 eum
453 2673 574 2719 errasse.
596 2659 650 2713 hoc
665 2666 753 2715 tamen
769 2675 824 2715 non
840 2661 943 2732 poterit
959 2676 1006 2714 ne·

66 2739 138 2814 gleg'i
166 2739 289 2797 melioris
314 2744 481 2798 recensionis
508 2742 645 2816 exemplar
672 2743 743 2815 quod
770 2760 853 2799 unum
881 2753 1008 2818 superest

66 2823 231 2899 descriptum
252 2841 313 2882 esse
335 2842 367 2886 eo
385 2827 493 2884 saeculo
516 2844 570 2901 quo
593 2827 697 2883 foedari
718 2826 803 2884 libros
820 2828 905 2900 magis
927 2845 1007 2901 quam

67 2917 140 2966 antea
161 2915 277 2984 coeptos
299 2925 359 2967 esse
380 2919 495 2969 constat.
533 2911 622 2980 Quare
643 2913 805 2986 scripturam
825 2913 888 2968 libri
909 2912 1009 2970 115555-

66 2994 113 3049 1151
139 2995 168 3049 in
194 2993 288 3051 multis
310 2995 342 3051 ab
364 3012 397 3052 55
420 2996 513 3054 codiee
536 2997 582 3070 qui
609 2998 714 3070 primus
741 3006 798 3055 erat
819 2996 877 3053 eius
904 2998 1008 3054 ordinis

65 3076 230 3151 degenerare
257 3081 382 3153 potuisse
410 3098 471 3137 cum
496 3098 546 3156 per
574 3097 604 3137 se
630 3082 708 3139 155115
735 3083 919 3157 intellegitur,
952 3094 1008 3139 tum

65 3163 221 3237 conparatio
243 3164 370 3222 instituta
389 3165 462 3222 inter
482 3165 611 3223 151151115
631 3167 801 3224 ambrosiana
821 3168 943 3241 uolgaris
965 3167 1011 3223 551

67 3248 143 3304 etiam
158 3247 296 3322 fragmina
311 3250 428 3307 thuanea
443 3250 556 3309 alterius
572 3253 741 3310 recensionis
760 3261 788 3309 et
803 3252 904 3309 librum
920 3259 1009 3308 etrus·

67 3346 123 3388 cum
143 3334 267 3391 ostendit
287 3333 373 3392 multa
392 3353 462 3410 quae
483 3335 548 3392 olim
569 3339 672 3394 rectius
692 3337 855 3411 legebantur
877 3336 1008 3392 acodicis

68 3412 199 3476 florentini
215 3418 328 3476 librario
348 3419 496 3494 deprauata
512 3437 580 3478 esse.
618 3423 694 3478 titre
715 3440 780 3480 uera
802 3421 873 3478 baud
894 3423 931 3474 ita
947 3436 1010 3476 raro

113 3532 240 3568 senecae
255 3532 339 3573 rnen.
499 3549 501 3554 ,
792 3522 808 3577 h
