2326 3922
448 202 627 252 THYESTES

74 346 243 426 foedusque
259 345 392 422 iungent.

75 445 181 492 Toron.
429 447 516 508 qoam
531 435 630 488 tamen
646 426 780 488 irandem
795 429 900 489 timos?

31 506 60 562 b'
121 528 202 575 THY.
227 513 369 574 Omnem:
383 513 484 573 timori
499 530 587 591 qoem
603 529 669 572 meo
685 520 810 572 statuam
825 513 967 573 morium?

76 608 193 661 tantum
208 605 306 677 potest
321 605 464 677 qnantum
480 597 548 658 odit.

76 698 181 746 ΤΑΝΤ.
604 681 635 741 ἰη
651 689 679 741 te
694 680 764 761 quid
780 683 896 759 potest?

77 783 160 829 THY.
183 785 239 846 pro
255 785 303 828 me
318 765 464 827 nihiliam
480 772 596 836 metuo,
612 783 667 827 uos
682 766 778 827 tacitis
793 766 868 845 mihi
1014 768 1064 818 485
1124 766 1131 776 “

77 855 167 914 Atrea
181 852 357 913 timendum.

78 951 183 998 rnnr.
394 935 490 1015 decipi
506 940 609 1014 eaptus
624 935 728 995 times?

80 1036 162 1082 rflr.
186 1039 286 1082 serum
303 1026 347 1081 est
362 1019 488 1081 cauendi
502 1027 620 1098 tempus
635 1021 666 1079 in
681 1018 785 1080 mediis
797 1018 893 1080 malis.

52 1109 68 1159 f
127 1107 228 1167 Eatur.
258 1122 350 1166 unum
366 1105 482 1184 genitor
496 1104 554 1164 hoo
568 1111 662 1164 testor
676 1112 791 1165 tamen:

80 1208 136 1268 ego
152 1207 207 1250 uos
222 1207 331 1270 sequor
346 1206 407 1250 non
423 1189 510 1250 duco.

79 1289 184 1337 Tnnr.
551 1273 692 1352 respiciet
707 1272 780 1334 deus

80 1359 158 1422 bene
173 1359 310 1436 cogitata.
322 1358 369 1402 '-—
383 1376 476 1437 perge
490 1374 551 1419 non
566 1359 656 1419 dubio
672 1358 775 1434 gradu.
800 1370 802 1374 ’
1015 1361 1066 1410 490

80 1556 225 1606 Arssnvs.
243 1556 432 1606 Tflrnsrsss.
448 1555 632 1606 TANTALVS
642 1555 858 1605 PLISTHENES
869 1556 996 1604 TAOITI.

45 1699 62 1733 a
125 1679 222 1759 Plagis
238 1687 356 1742 tenetur
371 1678 468 1742 clausa
486 1679 633 1759 dispositis
648 1679 726 1741 fera:

83 1772 112 1825 et
127 1766 224 1842 ipsum
242 1773 271 1825 et
285 1782 344 1826 una
358 1766 478 1841 generis
492 1765 581 1826 inuisi
595 1763 725 1825 indolem

82 1851 212 1910 iunctam
228 1850 345 1928 parenti
364 1867 464 1911 oerno.
493 1849 551 1909 iam
567 1855 631 1909 tuto
646 1847 712 1910 loeo
734 1906 737 1913 .

81 1940 242 1994 uersantur
257 1934 338 1995 odia:
353 1936 436 1995 uenit
450 1936 480 1994 in
496 1941 613 1995 nostras
628 1952 732 1995 manus

82 2018 201 2079 tandem
217 2019 376 2097 Thyestes,
392 2020 489 2087 uenit,
507 2025 536 2080 et
550 2026 629 2079 totus
644 2018 772 2097 quidem.

46 2104 65 2154 b
127 2101 181 2163 Vix
196 2112 332 2182 tempero
347 2105 461 2175 animo,
477 2105 527 2163 uix
544 2103 629 2164 dolor
644 2103 745 2164 frenos
760 2103 846 2181 capit.

82 2188 124 2246 sio
141 2205 208 2247 oum
224 2187 303 2248 feras
318 2191 445 2266 uestigat
459 2195 489 2248 et
502 2186 592 2266 longo
608 2206 697 2266 sagax

84 2270 148 2330 loro
164 2279 283 2333 tenetur
301 2271 408 2333 Vmber
423 2291 458 2332 ac
473 2290 577 2350 presso
592 2274 656 2335 uias

84 2364 233 2417 serutatur
249 2373 301 2417 ore
317 2357 386 2417 dum
402 2356 507 2436 prooul
521 2356 601 2428 lento
616 2375 699 2418 suem
741 2402 744 2409 .

85 2440 177 2502 odore
193 2434 298 2502 sentit:
320 2449 405 2520 paret
420 2450 450 2503 et
464 2442 552 2504 taoito
567 2441 665 2502 locum

83 2533 183 2584 rostro
198 2533 344 2604 pererrat.
362 2527 477 2605 praeda
494 2545 561 2588 oum
577 2527 700 2606 propior
716 2527 779 2594 init,

85 2612 204 2670 ceruice
219 2618 280 2671 tota
295 2618 407 2690 pugnat
422 2618 450 2672 et
465 2614 577 2689 gemitu
593 2620 681 2672 uocat

84 2694 238 2754 dominum
253 2705 417 2757 morantem
434 2714 524 2776 seque
540 2697 679 2757 retinenti
695 2695 791 2772 eripit.

44 2771 70 2829 b'
128 2778 201 2839 Cum
218 2786 318 2858 sperat
333 2781 375 2840 ira
391 2784 565 2858 sanguinem
582 2782 677 2842 nescit
690 2783 761 2860 tegi,

154 3017 205 3066 484
229 3020 360 3080 quantum
383 3035 408 3082 p.
433 3022 502 3068 tent.
521 3017 563 3068 od.
589 3034 608 3067 α
642 3020 750 3067 tantum
772 3032 798 3081 p.
824 3017 956 3079 quantum
979 3029 1002 3064 o.

84 3083 134 3148 Εψ
153 3079 178 3150 Η
212 3084 264 3134 487
291 3085 375 3139 ΤΗῩ,
395 3102 442 3136 om.
461 3103 483 3136 ω
505 3087 618 3136 restituit
637 3085 709 3136 Grot.
739 3080 751 3150 ΙΙ
779 3083 830 3135 488
848 3082 932 3136 ΤΗΥ.
951 3089 1002 3146 εψ,

36 3164 44 3169 ·
84 3166 132 3201 om.
150 3152 186 3201 Α.
214 3152 267 3202 hoo
284 3153 430 3204 hortamen
448 3158 491 3204 est
508 3154 534 3203 Α
562 3154 598 3203 al’
618 3156 692 3203 ortor
709 3155 802 3202 tamen
820 3152 843 3203 Ii
862 3167 943 3217 supro
961 3153 1002 3200 lin.

84 3218 138 3269 hoo
156 3223 244 3270 testor
261 3224 356 3271 temen
373 3221 440 3272 non
462 3216 475 3288 ΙΙ
496 3221 607 3272 Atreus.
626 3220 762 3284 Thyestea
781 3221 815 3270 Α.
850 3217 1001 3269 ATREVS.

84 3286 285 3339 THYESTES.
320 3289 519 3342 TANTALVS.
554 3286 796 3340 PLISTHENES.
832 3281 1000 3351 TtAtOIlTIIt

85 3353 110 3402 Ε
133 3349 146 3420 ll
168 3357 219 3407 493
237 3356 266 3406 in
283 3355 344 3408 loeo
363 3358 388 3407 Α
412 3360 441 3407 in
459 3373 509 3408 om.
526 3357 552 3407 Ε
580 3353 592 3423 ΙΙ
620 3359 671 3407 496
693 3356 787 3406 frenos
805 3355 883 3405 dolor
901 3352 926 3402 Ε
948 3351 1003 3401 dol.

84 3422 119 3476 fr.
132 3422 156 3471 A
179 3419 191 3490 ΙΙ
217 3424 268 3475 497
286 3425 363 3476 feres
380 3425 406 3474 Ε
420 3425 443 3487 (s
460 3441 519 3475 am.
533 3423 570 3486 2.)
594 3421 607 3491 [l
633 3425 758 3490 uestigat
770 3422 795 3471 Ε
814 3421 910 3485 (ultimo
927 3419 1004 3471 litero

84 3506 101 3538 o
118 3506 150 3540 m.
162 3490 201 3557 2.)
225 3487 238 3558 ll
260 3493 538 3544 49810toEloroA
562 3489 573 3558 Η
603 3494 653 3544 504
670 3493 793 3556 spirator
812 3483 993 3554 sporatEAH
