2326 3922
59 727 86 784 a!

62 1173 77 1206 θ

63 1762 80 1794 a

476 171 643 240 Pannona

99 323 207 370 mv'rtt.
225 310 266 369 sic
283 317 312 377 te
327 317 464 371 senectus
479 319 580 370 nostra
596 310 749 388 praecipiti
764 311 842 369 sinat

96 396 199 474 perire
215 392 293 454 tetoi
314 395 385 454 siste
400 394 592 455 furibundum
610 397 761 473 impetum.

99 478 203 559 [haud
216 481 375 554 quisquam
389 482 433 538 od
446 483 541 540 tritam
552 479 651 552 focile
666 482 810 540 reuocari
817 477 943 557 potest]

98 576 157 622 ΡΗ.
182 561 438 641 prohiberennlia
454 566 530 624 ratio
546 565 711 640 periturum
728 569 824 640 potest
1033 579 1084 626 270

100 647 153 708 ubi
171 648 222 727 qui
236 647 311 707 mori
327 648 478 708 constituit
493 655 522 708 et
537 647 625 708 debet
640 648 726 707 mori.

144 745 248 792 nvrn.
273 730 410 792 Solamen
426 733 510 792 annis
525 733 645 792 unicum
661 730 872 798 fossionem,

98 817 125 874 si
140 823 200 877 tam
216 823 374 893 proteruus
389 815 508 876 incubat
523 819 615 877 menti
630 816 668 876 iu
678 833 754 876 ror:

98 907 258 960 contemne
273 901 390 961 samam.
421 900 497 961 tama
515 903 562 960 uix
578 919 650 961 uero
666 901 745 960 fauet

100 987 184 1064 peius
200 986 328 1045 merenti
343 984 449 1045 melior
465 993 493 1046 et
509 986 593 1062 peior
608 986 697 1045 bono.
807 1010 810 1015 ·

142 1154 334 1232 Temptemns
348 1155 478 1215 animum
495 1155 607 1216 tristem
623 1160 652 1214 et
667 1151 894 1213 intractabilem.

98 1255 185 1299 meus
200 1239 254 1298 iste
269 1237 354 1298 labor
370 1246 413 1298 est
427 1240 549 1316 aggredi
565 1239 703 1299 iuuenem
719 1237 815 1297 ferum
883 1286 887 1295 ,

98 1329 291 1401 mentemque
306 1340 425 1385 saeuam
441 1323 562 1384 flectere
578 1323 689 1383 inmitis
705 1323 771 1382 uiri.

391 1587 544 1642 (JHORUS.¹
561 1587 723 1636 ORESSAE.

232 1744 305 1805 Diua
321 1762 379 1804 non
396 1744 458 1805 miti
473 1752 612 1822 generata
627 1751 718 1823 ponto

191 1846 277 1905 quam
294 1836 381 1889 uocat
395 1838 518 1891 matrem
535 1831 670 1907 geminus
685 1828 798 1906 Cupido

188 1913 327 1991 inpotens
341 1913 466 1974 dammis
481 1913 568 1975 simul
584 1922 613 1974 et
627 1915 739 1990 sagittis

233 2166 306 2227 lste
321 2165 449 2227 lasciuus
464 2185 554 2244 puer
570 2173 599 2227 et
613 2167 753 2226 renidens

190 2247 246 2310 tela
263 2268 351 2329 quarn
367 2259 449 2312 certo
464 2252 636 2312 moderatur
650 2269 731 2311 arcu.

190 2331 321 2414 [labitur
334 2343 411 2398 totos
422 2337 517 2411 soror
531 2340 563 2397 tte
577 2338 727 2396 medullas

189 2423 259 2494 iprae
270 2420 393 2493 furtiuo
404 2423 572 2497 populante
586 2418 706 2500 oenoe]

189 2521 248 2563 non
263 2504 353 2565 habet
366 2504 458 2566 latum
474 2504 540 2566 data
556 2504 642 2583 plaga
658 2505 802 2573 frontem,

189 2588 240 2648 sed
258 2597 344 2650 uorat
358 2597 450 2651 tectas
465 2591 582 2669 penitus
597 2588 751 2693 medullas,

99 2785 305 2793 ——-—.—-

170 2909 221 2959 267
239 2909 322 2961 NVT.
340 2925 388 2960 orn.
408 2926 426 2959 α
448 2905 461 2977 ss
483 2910 601 2960 sioteA
620 2909 728 2960 aicteE
746 2910 846 2972 sitetp
869 2904 881 2974 Η
904 2908 977 2958 sinet
994 2908 1020 2957 A

99 2978 178 3028 sinat
197 2983 241 3041 εψ
264 2972 277 3044 ΙΙ
299 2980 349 3029 269
371 2977 444 3027 haud
462 2978 609 3041 qnisquam
629 2976 663 3026 ad
681 2977 767 3025 uitam
786 2974 872 3025 facile
891 2977 1020 3027 reuocari

98 3048 198 3111 potest
213 3044 263 3095 EG
278 3045 354 3096 Voce.
373 3043 434 3107 (aed
442 3048 469 3094 in
483 3045 609 3110 Giepitur
623 3052 685 3109 poet
695 3061 719 3093 a.
733 3042 807 3108 266),
827 3050 904 3094 totum
921 3060 1021 3094 uersum

99 3126 149 3165 orn.
169 3114 195 3162 A
225 3113 285 3163 PH.
309 3113 382 3164 hand
405 3114 549 3179 quiequam
574 3113 609 3162 ad
633 3126 746 3161 auram
770 3112 788 3161 f.
808 3128 829 3161 r.
849 3127 875 3175 p.
899 3114 930 3161 ci.
950 3113 1020 3161 Bod.

99 3196 204 3232 meum
220 3182 248 3231 in
264 3183 429 3246 suspitionem
439 3183 547 3231 ‘uocauit
564 3181 688 3244 Scatiper.
707 3182 791 3230 deleat
812 3176 824 3246 Η
847 3182 895 3229 271
916 3180 976 3243 quis
994 3180 1019 3227 Α

99 3250 150 3315 qut
166 3248 195 3300 re
217 3244 230 3316 tt
254 3247 400 3300 cfloavs
419 3250 444 3298 A
467 3248 614 3299 cnonas
630 3273 636 3287 ·
652 3247 810 3298 cncesnn
834 3247 860 3295 n
879 3243 891 3312 p
911 3248 960 3296 281
982 3249 1019 3293 za-

98 3334 193 3369 cunarra
215 3320 232 3367 1
255 3334 278 3369 u.
300 3317 392 3368 statuit
415 3317 446 3371 R.
466 3317 495 3366 P.
526 3312 538 3383 ss
566 3319 615 3368 282
640 3331 702 3366 acre
727 3315 818 3365 nitens
841 3315 866 3362 Α
897 3317 925 3362 et
947 3313 1021 3360 reni·

99 3385 172 3437 dena
189 3385 217 3435 Ε
238 3386 315 3436 Vera.
337 3381 351 3452 ΙΙ
378 3384 428 3435 283
445 3383 584 3434 iaculatur
597 3384 621 3433 Α
640 3381 835 3434 moderaturE
857 3376 869 3444 ΙΙ
891 3381 951 3429 284.
971 3380 1021 3430 285

97 3457 126 3505 in
137 3470 222 3519 uturp.
236 3457 355 3518 &puniar
369 3453 464 3515 Vitat,
483 3454 554 3502 aneis
571 3455 661 3502 incitati
678 3467 732 3501 eam
745 3450 793 3500 Bo.
812 3448 846 3510 cs.
859 3465 884 3500 a.
898 3448 948 3495 642
970 3441 984 3512 ΙΙ
