2326 3922
147 111 189 176 22
348 112 350 117 ’
427 129 781 177 n.uunnu1snuuenn
808 117 813 123 ’

148 268 290 346 sparsisse
307 269 403 329 erines
419 286 474 329 neo
490 287 578 329 rnanu
594 268 676 330 molli
689 268 788 330 leuem

149 352 268 413 uibrare
283 352 427 433 thyrsum,
444 372 510 413 curn
527 372 632 430 parurn
649 354 718 413 forti
734 355 828 432 gradu

148 455 220 497 auro
237 437 378 498 decorum
394 455 491 517 syrrna
508 438 663 498 barbarico
680 439 777 499 trahit.

146 528 214 600 post
230 522 319 582 multa
337 525 430 583 uirtus
446 541 536 600 opera
552 521 644 583 laxari
659 523 743 602 solet.

106 621 134 687 qo
189 619 266 667 Luc.
290 607 478 668 Teuthrantis
493 608 675 683 hortatatur
691 610 788 669 euersi
804 610 919 681 domus',

146 709 348 771 pecorumque
364 694 422 752 ritu
439 694 586 769 uirginum
604 692 741 771 oppressi
755 710 871 771 greges,

145 775 203 836 hoc
217 776 295 836 nulla
313 777 384 836 luno
402 777 498 837 nullus
514 777 696 856 Eurystheus
712 777 802 840 iubet.
849 810 851 814 ⁴

146 861 574 940 ipsiushaecsuntopera.

144 957 253 1004 ΑΜΡΗ.
611 964 670 1006 non
687 949 763 1007 nosti
779 949 885 1009 omnia.

111 1062 127 1110 q
188 1029 311 1107 Ipsius
332 1049 426 1108 opus
447 1036 502 1091 est
522 1032 668 1091 caestibus
682 1033 795 1094 fractus
809 1035 871 1094 suis
927 1036 928 1039 ’

143 1115 221 1194 Eryx
237 1122 266 1175 et
281 1114 368 1193 Eryci
383 1117 502 1175 iunctus
517 1117 646 1176 Antaeus
661 1115 749 1196 Libys

144 1207 173 1260 et
189 1201 238 1276 qui
254 1198 390 1278 hospitali
407 1199 496 1260 caede
513 1209 666 1260 rnanantes
683 1200 741 1261 ioci
771 1217 773 1220 ·

143 1284 370 1345 bibere-iustum
387 1286 559 1362 sanguinem
577 1285 730 1345 Busiridis,

105 1375 129 1448 q‘
186 1369 308 1446 Ipsius
323 1388 416 1446 opus
432 1377 488 1428 est
504 1369 621 1428 uulneri
638 1377 666 1429 et
685 1370 766 1429 ferro
782 1370 887 1432 obuius

143 1460 269 1513 mortem
286 1461 405 1512 coaetus
420 1455 534 1530 integer
551 1454 666 1531 Cycnus
682 1457 751 1533 pati.

142 1556 197 1597 nee
214 1555 290 1596 unus
305 1555 364 1596 una
379 1539 497 1615 Geryon
514 1539 610 1598 uictus
625 1556 723 1599 manu.
773 1545 776 1550 '

142 1623 200 1682 eris
216 1622 292 1681 inter
308 1623 378 1681 istos
394 1625 445 1700 qui
461 1629 557 1682 tamen
573 1621 654 1683 nullo
670 1633 774 1702 stupro

143 1707 256 1767 laesere
271 1705 426 1768 thalamos.
805 1771 807 1775 7

111 1827 124 1859 r
184 1803 262 1851 Luc.
473 1790 557 1860 Quod
574 1792 637 1852 Ioui
652 1793 710 1852 hoo
725 1794 789 1869 regi
804 1791 881 1854 licet.

140 1876 204 1937 Ioui
220 1874 323 1935 dedisti
340 1877 513 1953 coniugem,
530 1879 593 1953 regi
610 1876 692 1937 dabis

140 1968 169 2021 et
184 1967 212 2034 te
228 1962 368 2038 magistro
385 1979 443 2019 non
460 1979 570 2020 nouum
586 1961 643 2020 hoc
659 1961 752 2022 discet
767 1979 860 2023 nurus

141 2046 228 2106 etiarn
244 2046 309 2104 uiro
325 2044 470 2123 probante
489 2044 640 2105 meliorem
657 2048 751 2123 sequi.

140 2132 185 2192 sin
202 2129 333 2216 copulari
349 2132 484 2208 pertinax
499 2130 594 2190 taedis
609 2138 705 2208 negat,

141 2214 190 2277 uel
207 2233 242 2275 ex
258 2221 358 2275 coacta
376 2214 504 2274 nobilem
520 2223 636 2291 parturn
652 2217 757 2274 ieram.

114 2310 126 2346 ·'
182 2313 273 2363 Mne,
294 2298 422 2361 Vmbrae
440 2299 574 2359 Creontis
591 2307 620 2358 et
635 2308 755 2377 penates
771 2299 901 2361 Labdaci

141 2394 170 2445 et
185 2384 330 2462 nuptiales
345 2385 416 2462 inpii
434 2383 603 2462 Oedipodae
620 2384 699 2444 sanes

141 2487 218 2530 nunc
234 2467 319 2528 solita
334 2476 435 2528 uestro
452 2469 508 2528 sata
526 2471 666 2544 coniugio,
679 2469 754 2529 date.

139 2570 218 2613 nunc
234 2570 312 2613 nuno
328 2559 466 2612 cruentae
482 2556 560 2628 regis
575 2556 697 2633 Aegypti
714 2571 807 2614 nurus
846 2632 852 2644 ι

206 2774 256 2823 478
282 2773 392 2821 uibrare
411 2772 487 2837 EVep
514 2774 640 2823 uibrasse
659 2774 684 2822 Α
717 2770 729 2837 ΙΙ
760 2773 874 2838 gradum
895 2771 930 2822 V¹
963 2770 976 2838 H
1005 2777 1056 2826 479

137 2842 285 2890 barbarico
304 2839 359 2888 EV
383 2841 560 2890 barbaricum
580 2842 604 2889 Α
639 2838 650 2906 Η
684 2842 732 2889 481
755 2839 815 2889 Lic’
837 2840 1003 2905 (minioser.)
1032 2845 1059 2892 V

137 2909 193 2957 LY.
208 2905 270 2955 ΑΕι
281 2923 328 2970 nep.
343 2924 389 2957 om.
403 2907 436 2957 E¹
455 2905 467 2973 ΙΙ
486 2909 547 2956 Hoc
560 2909 644 2958 euriti
656 2907 707 2956 ΕΑ
727 2909 787 2957 Hoc
800 2909 937 2958 tentantis
951 2909 1012 2959 nu
1022 2914 1055 2959 12

136 2991 184 3038 mp.
207 2975 267 3022 Hoc
285 2978 426 3026 tentantes
443 2978 537 3026 Vltrcri.
555 2976 691 3024 tentantis
714 2979 789 3025 etiam
806 2977 886 3040 Mop,
907 2976 925 3024 I
928 2976 991 3026 Par.
1012 2993 1055 3027 re-

137 3044 243 3102 centior,
268 3043 341 3092 Voss.
354 3047 450 3095 melior.
464 3061 532 3094 corr.
546 3045 650 3093 Detrios
668 3044 729 3092 Hoc
743 3044 834 3094 eantis
850 3046 877 3094 V
894 3039 907 3110 ΙΙ
930 3045 981 3093 482
1000 3059 1055 3110 que

138 3161 184 3197 om.
201 3146 228 3195 V
248 3140 259 3210 d
279 3147 329 3196 483
342 3145 421 3195 LYC.
434 3148 509 3197 neinio
520 3163 572 3196 ser.
585 3147 634 3195 sed
642 3147 749 3195 deletum
760 3145 796 3195 E¹
820 3141 832 3211 ΙΙ
855 3119 1015 3197 486111Υοί1)
1033 3143 1047 3227 [Ι

137 3215 187 3264 487
211 3214 257 3277 qui
273 3229 354 3277 supra
372 3230 471 3265 uersum
492 3217 555 3264 add.
578 3213 614 3263 V²
642 3209 655 3279 ΙΙ
688 3213 852 3278 hospitalem
871 3214 987 3264 eaedem
1004 3230 1056 3263 mr·

137 3285 236 3331 nantes
255 3282 279 3330 E
307 3279 319 3344 ΙΙ
347 3283 397 3332 490
419 3284 529 3347 integer
548 3296 651 3346 cycnus
670 3281 694 3329 Ε
720 3286 784 3330 ante
802 3281 982 3344 GeryonesA
1007 3287 1058 3331 aut

138 3350 278 3412 gerionem
295 3351 322 3400 V
341 3345 353 3416 Η
375 3352 425 3402 493
444 3350 551 3415 quidet
567 3352 591 3401 V
613 3347 626 3416 [l
649 3351 696 3401 501
715 3342 845 3399 uestroE
863 3355 956 3400 nostro
970 3350 1019 3414 φΑ
1033 3346 1045 3414 ΙΙ

133 3418 186 3466 soa
206 3419 289 3481 egen
311 3419 359 3468 Vn
382 3415 393 3485 Η
