2326 3922
443 187 605 238 TROADES

28 361 42 395 e
146 329 250 394 Soluet
263 330 344 391 hunc
359 337 495 408 questum
510 327 706 404 lacrimasque
724 333 842 387 nostras

102 426 223 496 sparget
238 415 297 476 huc
312 414 382 476 illuc
398 415 507 493 agitata
523 411 625 474 classis

103 511 133 564 et
147 501 219 563 tuba
235 501 307 561 inssi
321 499 393 583 dare
408 497 474 560 uela
489 505 610 566 nautae,

103 605 172 648 cum
187 585 275 646 simul
290 585 388 645 uentis
403 589 583 662 properante
599 599 682 641 remo

104 670 280 750 prenderint
294 666 385 730 altum
401 668 572 746 fugiantque
587 665 664 727 litus.
778 734 781 741 ,

104 756 170 835 quis
185 762 278 816 status
293 754 401 815 mentis
416 752 533 813 miseris
547 750 598 811 ubi
615 751 711 811 omnis

102 849 184 901 terra
200 839 353 900 decrescet
368 837 550 917 pelagusque
566 845 696 905 crescet,

105 923 184 986 celsa
200 943 266 985 cum
283 922 368 1001 longe
383 920 507 983 latitabit
522 920 593 981 lde?

45 1097 52 1116 '
148 1093 224 1153 Tum
240 1109 314 1170 puer
330 1093 418 1152 matri
433 1093 627 1168 genetrixque
642 1098 711 1149 irato

105 1179 195 1238 Troia
212 1194 269 1256 qua
285 1180 400 1252 squalet
415 1177 535 1254 regione
552 1180 719 1234 monstrans

106 1263 186 1324 dicet
202 1272 232 1322 et
246 1259 335 1338 longe
351 1261 441 1339 digito
457 1258 587 1321 notabit:

106 1346 194 1408 llinnr
211 1343 332 1406 estillic
346 1345 399 1406 ubi
413 1345 512 1405 sumus
527 1343 585 1405 alte

106 1435 199 1510 serpit
214 1431 244 1490 in
260 1429 372 1491 caelurn
388 1428 573 1508 nebulaeque
589 1437 701 1506 turpes.

104 1516 200 1576 Troes
215 1516 273 1575 hoc
288 1517 372 1593 signo
388 1516 513 1593 patriam
529 1513 681 1574 uidebunt.

214 2034 374 2083 NVNTIVS.
398 2033 549 2081 Hucvssn.
572 2031 829 2080 ANDROMACHA.

27 2221 47 2254 α
111 2192 137 2253 0
153 2191 228 2253 dura
244 2190 301 2252 iata
317 2209 405 2253 saeua
421 2190 588 2252 miseranda
602 2188 741 2250 horrida:

63 2276 146 2356 quod
163 2286 222 2337 tarn
239 2275 333 2336 lerum
351 2285 409 2337 tam
425 2276 508 2337 triste
523 2274 569 2337 bis
584 2275 683 2354 quinis
698 2273 795 2335 scelus

63 2363 144 2422 Mars
160 2361 233 2422 uidit
248 2361 350 2421 annisi
373 2360 442 2440 quid
459 2362 541 2439 prius
557 2352 691 2421 reterens
705 2377 821 2438 gemam
932 2351 934 2354 ⁴

63 2457 171 2507 tuosne
185 2447 284 2525 potius
298 2463 335 2506 an
351 2453 418 2507 tuos
433 2444 565 2506 luctus
580 2445 672 2506 anus?

30 2531 57 2590 α’
109 2543 191 2591 Huc,
216 2531 424 2610 Quoscumque
440 2529 563 2593 luctus
578 2528 712 2597 ileueris,
729 2527 813 2592 flebis
830 2545 920 2588 meos.
1006 2541 1072 2591 roto

67 2744 192 2752 ----
201 2743 272 2750 --.-

135 2887 202 2937 1052
216 2890 344 2950 questum
355 2886 407 2936 ΕΑ
427 2890 518 2937 cetum
530 2894 554 2949 ψ
568 2885 685 2950 Scaliger
696 2880 707 2951 ll
721 2887 786 2935 1055
805 2828 886 2935 simul
899 2884 925 2931 E
944 2898 986 2932 se-

67 2953 120 3005 mel
144 2953 170 3003 A
200 2949 214 3019 ΙΙ
243 2955 309 3005 1056
334 2954 494 3020 fugiantque
514 2954 564 3003 EA
595 2954 781 3019 fugietquoqr
811 2949 823 3018 ΙΙ
852 2952 917 3003 1058
941 2951 987 3021 (15-Ι

68 3024 192 3073 crassost
202 3017 329 3139 1111έῖ1061
343 3023 437 3073 iaceat
449 3022 488 3072 εΑ
509 3021 627 3071 stabat
640 3021 692 3072 Gli.
712 3021 847 3084 squalet
859 3021 961 3084 scripsi.
980 3016 988 3080 ll

69 3090 133 3141 1063
152 3089 221 3139 illuc
288 3089 347 3139 illic
364 3090 389 3138 Α
419 3087 431 3155 ΙΙ
464 3091 522 3140 Vol.
541 3089 641 3139 Probus
658 3090 718 3143 insi.
737 3097 788 3138 ort.
806 3105 832 3153 p.
853 3092 899 3147 75,
921 3088 987 3137 aL.

68 3155 177 3207 Seneca
203 3157 234 3206 in
260 3157 379 3208 Hecuba
407 3157 645 3220 hendecasyllabo
672 3157 702 3205 in
728 3157 864 3222 sapphico
890 3169 987 3205 uersu:

70 3223 166 3275 ‘Ilium
190 3238 216 3275 e.
233 3223 295 3275 illic
312 3225 360 3275 ubi
377 3225 397 3274 f.
416 3226 490 3275 alte’
519 3221 531 3291 ll
556 3231 618 3288 post
639 3241 662 3273 u.
677 3225 748 3275 1065
771 3225 900 3274 caecidisse
925 3224 989 3272 duos

71 3291 296 3357 hendecasyllabos
323 3309 377 3343 cum
399 3294 492 3343 adonio
514 3293 574 3342 mili
593 3307 744 3356 persuasum
767 3298 814 3342 est.
842 3292 907 3340 idem
930 3304 988 3337 cen-

71 3361 117 3409 auit
139 3359 196 3411 GR.
225 3354 239 3427 ΙΙ
268 3359 612 3411 ΝΥΝΤΝὸ-ΗΕΟῩΒΑ
627 3385 633 3397 ·
648 3357 902 3410 ANDROMACHA
926 3356 988 3415 Eup

71 3424 228 3479 nvurlvs
243 3452 251 3466 ·
264 3427 521 3479 ANDROMAOHA
535 3453 542 3466 ·
556 3427 705 3478 HECVBA
717 3429 742 3477 Α
754 3423 767 3494 ss
780 3426 845 3477 1066
857 3423 925 3473 duro
937 3422 987 3486 Ep

74 3492 129 3546 dira
147 3495 174 3546 A
197 3490 211 3563 ss
234 3496 300 3547 1061
318 3496 478 3560 bnsenisq
501 3492 513 3563 ΙΙ
538 3496 602 3546 1068
622 3496 688 3559 quid
706 3503 743 3558 εψ
763 3493 834 3558 quod
853 3493 877 3542 Α
901 3488 913 3557 ll
