2326 3922
370 196 552 252 nuacvuus
570 183 757 266 [ouranos]
961 183 1023 247 381

107 339 252 399 moritura
268 343 349 398 certe
365 354 493 416 corpore
509 336 669 413 amplectar
685 355 761 397 meo.

107 425 150 484 ire
167 424 210 482 ire
226 421 262 482 ad
278 420 400 482 umbras
415 420 551 481 Herculis
567 429 688 498 nuptam
705 421 777 482 libet

109 507 160 567 sed
176 524 236 565 non
252 504 384 566 inultam.
416 507 439 566 si
455 505 525 585 quid
543 525 558 565 e
574 513 676 566 nostro
691 505 819 566 Hercule

108 592 244 668 concepit
258 590 333 650 lole:
358 590 494 650 manibus
510 589 634 650 auellam
652 591 725 649 meis

109 683 176 736 ante
192 683 221 735 et
235 693 290 752 per
304 677 385 752 ipsas
400 673 542 752 paelicem
558 675 696 735 inuadam
713 674 801 734 laces.

107 763 156 820 m'e
173 759 296 837 nuptiali
310 760 460 820 uictimam
476 760 564 820 feriat
578 759 625 819 die

108 844 246 914 infestus,
264 842 346 904 loleu
363 843 432 904 dum
449 861 538 922 supra
555 845 719 904 exanimem
738 861 832 903 ruarn.

108 928 178 989 lelix
193 929 283 996 iacet,
300 930 494 1008 quicumque,
511 946 585 1005 quos
601 928 677 998 odit,
696 929 811 1004 premit.
905 946 908 952 ·

107 1027 210 1073 uvea.
228 1013 296 1093 quid
312 1015 375 1090 ipsa
390 1012 524 1074 flammas
539 1015 635 1090 pascis
651 1020 680 1073 et
694 1020 810 1073 uastum
827 1013 911 1072 foues

108 1097 186 1157 ultro
202 1093 335 1158 dolorem
351 1097 477 1158 misera?
499 1097 569 1175 quid
586 1114 700 1157 cassum
716 1097 821 1157 times?

109 1181 212 1242 dilexit
226 1181 308 1242 loleu
323 1200 445 1260 nempe,
464 1199 530 1241 eum
547 1190 639 1241 staret
654 1199 762 1258 pareus

108 1266 246 1342 regisque
263 1274 359 1326 natam
375 1274 499 1344 peteret.
531 1284 567 1326 en
583 1265 710 1326 lamulae
725 1270 757 1327 tu
772 1264 870 1325 locum

108 1352 210 1427 regina
228 1351 346 1410 cecidit:
357 1398 360 1404 .
370 1351 499 1428 perdidit
514 1351 594 1410 uires
609 1369 693 1411 amor

108 1433 250 1514 ulcusque
266 1434 302 1495 ab
317 1434 366 1495 illo
382 1437 472 1495 traxit
485 1435 588 1495 infelix
603 1443 689 1498 statu.

108 1517 218 1579 inlicita
235 1525 384 1589 amantur,
402 1520 510 1580 excidit
525 1520 664 1598 quicquid
680 1520 757 1580 licet.

110 1616 231 1663 numu.
250 1604 367 1663 fortuna
383 1622 513 1664 amorem
531 1606 615 1681 peior
630 1605 792 1665 intlammat
807 1604 909 1681 magis.

111 1696 190 1747 amat
204 1687 252 1748 uel
267 1690 381 1766 ipsum,
398 1689 475 1768 quod
493 1697 575 1749 caret
590 1691 684 1767 patrio
700 1690 776 1758 lare,

110 1772 190 1849 quod
207 1773 302 1833 nudus
318 1791 390 1832 auro
406 1775 495 1833 crinis
512 1780 540 1834 et
555 1791 670 1850 gemma
686 1774 776 1843 iacet,

111 1859 190 1934 ipsas
206 1858 375 1916 misericors
391 1857 491 1918 forsan
507 1876 665 1918 aerumnas
680 1866 766 1918 amat.

107 1954 211 2001 nvait.
228 1942 285 2001 hoc
301 1943 440 2002 usitatum
457 1949 501 2002 est
515 1943 651 2012 Herculi,
670 1950 769 2021 captas
786 1951 873 2002 amat.

108 2024 217 2085 dilecta
231 2026 340 2086 Priami
356 2044 463 2104 nempe
480 2026 613 2087 dardanii
628 2045 714 2086 soror
804 2056 810 2067 κ

107 2127 249 2170 concessa
264 2108 373 2171 famula
390 2119 443 2171 est.
475 2111 557 2171 adice
572 2119 644 2191 quot
659 2118 766 2189 nuptas
780 2112 863 2190 prius

109 2201 182 2272 quot
198 2196 327 2273 uirgines
343 2194 458 2256 dilexit:
483 2197 595 2255 errauit
611 2212 711 2272 uagus.

107 2278 227 2338 arcadia
243 2297 350 2357 nempe
366 2280 451 2355 uirgo
467 2279 608 2356 palladios
624 2280 731 2340 choros

176 2531 398 2581 aetheraquasi
410 2532 524 2582 Herculi
537 2533 604 2582 Arta
615 2528 627 2597 ll
639 2536 753 2596 nuptam
767 2529 893 2592 (nubtam
906 2538 924 2583 1,
937 2530 1026 2593 Greia.)

106 2597 133 2646 E
146 2597 230 2650 Basil.
244 2614 292 2663 τηρ.
310 2599 434 2649 iunctam
452 2607 475 2662 qu
493 2600 596 2649 uictam
616 2601 641 2649 A
671 2595 682 2664 ΙΙ
712 2601 761 2650 348
781 2616 795 2649 e
814 2604 907 2650 nostro
927 2601 974 2664 eq?
994 2615 1028 2649 ex

106 2669 203 2715 nostro
221 2667 247 2716 A
259 2663 270 2731 l]
288 2668 336 2717 349
356 2666 476 2716 auellam
494 2667 519 2715 E
538 2670 603 2717 ‘alit’
623 2676 640 2717 t
662 2669 817 2719 Columeliuo.
838 2668 957 2717 catellum
976 2668 1000 2716 A
1025 2665 1027 2732 l

106 2735 160 2783 355
183 2748 278 2782 casum
301 2751 323 2784 to
354 2749 472 2784 cassum
496 2737 555 2793 edd.
579 2737 693 2785 Venetae
716 2743 741 2786 et
760 2737 870 2800 Herdip.
888 2737 1000 2800 Lipsius.
1025 2736 1027 2800 l

105 2801 160 2851 356
179 2816 241 2850 cum
260 2803 466 2867 staretparens
484 2803 509 2851 E
538 2803 601 2852 dum
620 2808 727 2853 starent
743 2804 818 2853 lares
837 2807 862 2854 A
890 2800 904 2870 ll
932 2805 980 2853 357
999 2805 1028 2851 in

105 2867 232 2918 famulae
251 2869 276 2918 A
301 2869 372 2919 enim
392 2870 457 2919 fam.
477 2870 503 2918 E
529 2886 566 2919 eu
585 2871 707 2921 famulae
725 2874 759 2920 in
778 2871 868 2922 locum
886 2872 986 2934 scripsi.
1011 2867 1023 2936 ll

104 2937 157 2986 359
175 2935 348 3000 Vuleumque
367 2941 408 2987 uel
424 2937 592 3001 vultumque
611 2938 636 2986 Ε
646 2955 663 3002 p
675 2936 687 3005 ll
705 2940 740 2989 ab
759 2939 807 2988 illo
826 2956 847 2988 ω
860 2935 871 3004 {l
884 2942 974 2987 status
987 2940 1027 2988 eA

105 3006 185 3053 statu
208 3003 317 3052 R1011
351 2999 364 3070 ll
396 3004 562 3070 Vultumque
592 3007 711 3057 anilem
739 3011 759 3055 t.
787 3007 804 3055 i.
834 3009 923 3055 status
949 3004 1026 3056 Greia.

106 3073 172 3122 conl.
191 3088 217 3123 u.
235 3073 294 3122 397.
324 3071 497 3136 Multumque
523 3075 557 3123 ab
581 3074 635 3123 illa
656 3075 782 3138 carpsit
804 3075 934 3124 istatus
952 3074 1027 3124 NHa.

106 3137 290 3203 Vulnueque
312 3142 354 3189 uel
382 3141 530 3205 Vlcusque
560 3143 594 3191 ab
618 3142 667 3191 illo
690 3148 710 3192 1.
734 3142 752 3192 i.
779 3146 868 3192 status
891 3143 1028 3192 L.lloeller

107 3204 281 3271 cultumque
307 3208 341 3257 ab
360 3207 415 3257 illa
438 3214 457 3258 t.
478 3210 496 3257 i.
516 3213 604 3259 status
627 3225 673 3272 epo
692 3217 769 3258 anteo
787 3216 812 3259 et
832 3210 884 3260 Gli.
916 3211 1027 3261 Vlcus·

108 3287 160 3338 que
179 3274 216 3324 ab
235 3272 283 3323 illo
302 3278 321 3323 t.
340 3278 358 3325 i.
378 3279 458 3325 statu
475 3279 576 3340 scripsi.
598 3273 610 3342 ll
633 3280 682 3328 362
700 3278 789 3340 ipsum
809 3279 868 3342 ep?
880 3277 920 3325 na
937 3277 1027 3339 ipsam

108 3342 133 3390 A
157 3337 169 3407 ΙΙ
192 3342 243 3393 365
262 3357 308 3392 om.
327 3345 417 3393 sedin
435 3359 482 3407 mp.
503 3347 589 3398 udser.
608 3362 638 3396 m.
662 3360 713 3394 aec.
732 3348 774 3393 uel
791 3347 876 3396 teriia.
895 3345 920 3392 Ε
943 3340 955 3410 ll
977 3345 1027 3394 366

109 3409 211 3473 priami
229 3409 293 3461 eRA
312 3412 418 3476 priamo
437 3415 478 3461 uel
495 3413 582 3476 priruo
600 3409 647 3479 quil
660 3413 774 3463 dardani
792 3411 818 3460 Ε
829 3407 840 3476 ΙΙ
853 3414 903 3463 aot
921 3411 1027 3462 famula

109 3475 158 3540 Εψ
176 3477 279 3528 famulo
298 3480 324 3528 A
348 3476 359 3543 ll
