2326 3922
160 113 208 160 XL
536 111 735 160 PRAEFATIO

158 278 234 330 x111⁰
250 272 416 329 conceditur.
447 272 525 341 Quod
540 271 692 345 pleniorem
708 272 790 328 huius
805 270 879 336 libri,
896 272 945 347 qni
959 288 1013 330 nou
1026 266 1090 346 parui
1116 282 1121 295 ·

160 358 271 413 uidetur
297 373 358 412 asse
385 358 482 431 pretii,
513 358 637 413 notitiam
663 355 783 413 nancisci
805 356 884 414 nobis
911 374 967 413 non
992 352 1089 428 conlegii
1127 410 1135 417 .

160 441 240 497 ualde
256 441 388 497 dolemus.

192 635 197 645 .
223 560 318 616 Restat
339 567 371 615 ut
391 559 424 615 de
445 559 604 632 uolgaribus
625 559 703 616 libris
725 559 757 615 ab
779 559 818 615 eis
833 559 963 618 adhibitis
978 560 1024 635 qni
1042 564 1091 617 ante

159 662 211 701 nos
226 645 276 702 has
293 644 447 718 tragoedias
463 645 606 700 ediderunt
621 644 741 700 breviter
756 661 933 718 exponamus.

223 743 377 804 alberti
396 742 492 818 Eybi
513 743 655 818 (†1475)
676 753 801 819 excerpta
823 764 893 820 quae
916 749 945 802 iu
965 744 1091 820 Margarita

159 834 267 906 poetica
288 832 418 904 leguntur
439 830 509 885 unde
531 830 630 886 hausta
651 831 707 885 sint
728 846 783 886 non
799 837 916 887 constat.
954 832 999 888 Vsi
1014 843 1092 888 sunus

160 915 343 973 bibliothecae
358 915 559 988 Rchdigeranae
577 915 724 988 exemplari
740 915 843 972 formae
857 918 989 973 maximae
1004 935 1025 973 s.
1040 932 1062 972 a
1072 917 1093 967 et

161 1001 178 1056 1.
202 999 272 1073 (loll.
288 998 348 1056 231
364 1016 420 1055 non
436 1014 540 1054 numer.
558 999 657 1072 quibus
672 999 823 1073 praemissa
839 1008 881 1057 est
898 1000 991 1057 tabula
1005 1018 1050 1057 x11
1063 997 1094 1053 10·

160 1084 197 1140 lia
217 1084 358 1157 conplexa.
395 1084 424 1140 ln
446 1099 478 1139 eo
495 1082 613 1140 Senecae
634 1092 762 1158 excerpta
783 1086 962 1142 continentur
983 1085 1030 1142 101.
1046 1079 1093 1140 901

161 1168 214 1225 col.
233 1170 249 1225 1
268 1168 363 1225 adiel.
380 1167 509 1229 204001.
527 1167 565 1240 1).

224 1277 464 1352 Palaeotypu
497 1275 740 1336 ferrariense
775 1276 1020 1354 lugdunense
1046 1289 1099 1335 ue·

159 1364 250 1421 nete.
265 1360 478 1420 florentini
495 1363 594 1436 quihus
610 1381 625 1418 c
640 1363 716 1418 libris
731 1361 859 1419 duxerint
873 1379 928 1420 non
944 1368 1032 1437 magis
1047 1378 1099 1420 con·

161 1454 225 1504 stat.
276 1446 521 1502 Conmemorantur
546 1447 754 1503 Bernardiui
784 1463 819 1502 111.
846 1466 867 1504 s.
898 1455 927 1504 et
952 1446 1103 1504 Danielis

160 1532 378 1588 vetustissimum
395 1531 531 1606 exemplar
546 1532 578 1588 ad
594 1535 710 1606 primum
727 1532 805 1590 Herc.
820 1549 833 1588 1
848 1532 972 1590 chorum.

226 1641 341 1697 Codex
367 1641 548 1697 Parisinus
574 1641 673 1700 8035
703 1642 839 1699 Pierrotio
866 1649 980 1699 auctore
1006 1650 1055 1698 aut
1078 1631 1106 1698 ex

162 1725 216 1783 ed.
241 1721 270 1782 (1.
293 1722 492 1783 Fornandi
514 1735 638 1782 exaratus
664 1733 711 1782 aut
732 1743 836 1783 summa
862 1744 927 1783 cura
948 1728 1108 1800 conpositus
1153 1782 1157 1791 ,

161 1810 293 1867 adonius
315 1809 452 1884 exemplar
474 1811 557 1867 editio
571 1810 705 1866 l'ernandi
722 1810 950 1868 conformaretur.
978 1811 1109 1868 Praemit-

163 1903 258 1951 tuntur
273 1896 302 1950 in
319 1903 439 1968 utroque
455 1894 525 1950 libro
542 1903 702 1970 argumenta
718 1895 751 1951 ab
766 1895 932 1970 Hieronymo
948 1894 1032 1952 balbo
1048 1913 1111 1952 con·
1155 1934 1157 1949 .

160 1978 232 2036 licta.
278 1978 374 2047 Quode
396 1978 553 2034 Fernandus
580 1982 608 2035 in
631 1980 718 2053 elegia
746 1981 774 2034 in
796 1979 869 2036 calce
892 1981 1020 2037 editionis
1048 1980 1111 2037 suh·

164 2064 250 2120 iacta:
272 2064 310 2120 Te
326 2062 399 2119 balbi
415 2065 570 2119 meminisse
586 2065 663 2120 decet
679 2066 726 2137 qui
742 2064 864 2121 codice
879 2063 989 2120 multo
1005 2064 1111 2122 Collato

163 2148 233 2205 haec
254 2148 351 2204 tribuit
372 2165 485 2204 munera
507 2154 580 2204 tanta
601 2148 651 2205 tibi
677 2147 723 2220 (ci.
745 2148 808 2205 bibl.
831 2148 1010 2223 lugdunensis
1033 2149 1111 2206 catal.

162 2235 283 2293 01716
299 2251 326 2290 n.
336 2233 396 2291 375
406 2228 475 2310 [99]
492 2233 551 2289 cod.
564 2233 675 2289 membr.
692 2249 753 2289 cum
764 2233 926 2306 quibusdam
942 2233 1057 2290 scholiis
1071 2249 1112 2288 re·

163 2319 290 2376 centibus
306 2328 333 2374 et
349 2319 475 2375 uersibus
487 2319 560 2377 Hier.
572 2318 645 2375 Balbi
662 2318 797 2392 inprimis
812 2326 841 2375 et
852 2320 1001 2392 postremis
1015 2316 1112 2390 foliis).

224 2425 484 2500 Hieronymus
504 2424 692 2485 Auentius
713 2435 805 2484 uetera
822 2427 987 2502 exemplaria
1002 2443 1033 2484 se
1048 2443 1112 2485 con·

164 2508 263 2566 tulisse
284 2511 377 2583 prodit
397 2519 425 2567 ct
445 2514 473 2566 in
488 2512 573 2584 praef.
590 2513 631 2569 ed.
646 2510 707 2568 Ald.
723 2530 747 2569 3.
762 2528 875 2570 mnxvrr
896 2521 925 2568 et
943 2514 972 2567 iu
994 2513 1112 2586 epistola

164 2594 211 2650 1113
232 2593 264 2648 ad
279 2594 321 2649 Jo.
338 2594 473 2651 llathenm
490 2595 630 2653 Gihcrtum
652 2614 732 2670 quam
750 2596 779 2651 L.
795 2596 957 2653 Schwabius
979 2614 1011 2653 eu
1031 2594 1066 2653 Α.
1082 2599 1112 2653 A.

163 2678 320 2734 Renouardi
343 2678 413 2735 libro
440 2677 568 2737 ‘annales
595 2682 627 2737 de
653 2679 841 2756 l'imprimerie
866 2682 912 2736 des
933 2679 1016 2737 hldes
1037 2681 1114 2738 Paris

165 2763 266 2821 1834'
292 2781 319 2837 p.
336 2763 398 2821 496
425 2765 570 2837 descripsit
595 2767 622 2820 in
645 2765 781 2838 Philologi
808 2765 864 2822 uol.
884 2781 979 2822 xxun
1005 2783 1032 2838 p.
1050 2765 1110 2823 351

166 2848 238 2903 unde
254 2847 383 2904 docemur
398 2849 460 2905 illos
476 2848 562 2905 libros
579 2849 797 2907 Veronenses
814 2851 907 2906 luisse.

225 2945 536 3009 Henriousl’ebri
551 2952 578 3006 iu
594 2952 749 3008 adornanda
765 2951 809 3006 ed
824 2951 1012 3008 basiliensi
1028 2950 1113 3008 1529

162 3031 234 3088 libro
258 3049 333 3088 ms.
356 3051 423 3090 usus
443 3043 486 3091 est
502 3037 580 3092 onius
600 3036 707 3110 aliquot
721 3037 854 3093 lectiones
876 3036 903 3091 in
927 3037 1052 3108 margine
1074 3035 1113 3091 le·

161 3125 274 3193 guantur.

226 3224 418 3300 Georgius
432 3226 641 3287 Fabricius
656 3229 856 3286 Chemnicensis
872 3228 965 3301 (editio
977 3232 1035 3286 eius
1049 3247 1114 3303 pro·

164 3314 214 3369 diit
231 3312 312 3370 1566
328 3312 462 3385 praelatio
478 3331 492 3369 e
508 3314 573 3370 ludo
590 3314 692 3370 illustri
704 3314 807 3371 Miseno
823 3313 892 3389 prid.
905 3314 959 3371 Cal.
972 3313 1112 3388 Septemb.

163 3397 853 3474 156510000οοεοᾱῑοειὶεςῑοιηοηηηο,
880 3408 911 3455 ut
927 3401 986 3473 ipse
1002 3400 1069 3456 dicit
1085 3400 1113 3455 in
