2326 3922
155 231 197 296 70
435 246 466 292 u.
484 245 620 293 nunnus
633 245 788 294 senecen

154 386 220 447 bac
236 404 302 465 spe
317 385 440 446 minanti
456 383 568 447 fulmen
583 392 721 446 occurret
734 386 809 456 Ioui,

115 480 142 538 h'
196 471 272 531 Hac
293 488 358 549 spe
374 469 484 532 subibit
499 471 624 548 gurgitis
638 471 742 531 tumidi
757 473 853 532 minas

155 554 338 633 dubiumque
354 554 466 634 libycae
483 555 577 634 Syrtis
591 555 714 617 intrabit
727 555 847 626 fretum,

154 640 222 701 hac
243 658 323 720 spe,
342 640 420 718 quod
437 658 501 702 esse
517 641 678 701 maximum
693 648 777 701 retur
793 640 912 711 melum,

153 723 276 787 fratrem
292 725 412 786 uidebit.

154 822 228 871 sur.
440 811 506 890 quis
521 809 610 870 fidem
625 810 707 888 pacis
722 808 822 871 dabit?

153 896 201 955 cui
216 901 297 955 tanta
312 894 432 955 credet?

154 993 232 1039 nnn.
464 978 585 1039 credula
601 985 646 1040 est
659 996 743 1059 spes
757 979 894 1056 inproba.

127 1079 137 1127 i
197 1064 299 1125 Gnatis
314 1069 413 1124 tamen
428 1063 564 1124 mandata
580 1080 657 1143 quae
670 1069 778 1144 patruo
794 1063 891 1124 ierant

154 1147 303 1209 dabimus:
321 1147 432 1208 relictis
448 1146 515 1209 exul
530 1148 668 1227 hospitiis
681 1164 776 1224 uagus

153 1251 246 1312 regno
262 1241 295 1293 ut
309 1233 486 1294 miserias
500 1238 595 1294 mutet
609 1240 698 1310 atque
712 1234 808 1310 Argos
823 1240 912 1309 regat

154 1338 189 1380 ex
205 1326 289 1396 parte
306 1318 450 1378 dominus.
479 1319 503 1378 si
520 1319 607 1378 nimis
623 1317 715 1378 durus
730 1335 837 1396 preces

154 1409 275 1481 spernet
290 1403 447 1482 Thyestes:
469 1401 580 1462 liberos
595 1404 658 1463 eius
673 1401 764 1463 rudes

152 1487 297 1566 malisque
314 1487 407 1547 sessos
423 1486 564 1565 grauibus
581 1493 610 1548 et
624 1485 725 1548 iaciies
741 1488 806 1567 capi

153 1589 259 1650 preces
274 1571 446 1632 moucbunt.

118 1668 136 1725 i‘
502 1657 577 1716 Hinc
593 1663 678 1717 uetus
694 1657 780 1734 regni
795 1656 880 1717 iurcr
919 1700 922 1704 -

152 1739 235 1800 illinc
251 1748 366 1817 egestas
381 1741 471 1801 tristis
487 1758 525 1801 oc
540 1741 634 1802 durus
649 1739 734 1801 labor

151 1827 287 1904 quamuis
301 1826 447 1902 rigentem
464 1832 507 1886 tot
522 1824 606 1885 melis
621 1824 759 1902 subigent
772 1827 880 1885 uirum.

152 1923 226 1970 sur.
253 1912 312 1970 iem
328 1916 445 1989 tempus
460 1908 500 1970 illi
515 1911 586 1970 iecit
601 1927 760 1971 aerumnas
774 1908 865 1971 leues.

152 2008 231 2056 nnn.
262 2012 362 2055 erras:
380 1994 527 2057 maiorum
543 2013 647 2056 sensus
663 1997 807 2056 accrescit
822 1994 878 2055 die.

151 2079 217 2141 leue
234 2088 279 2140 est
295 2081 469 2140 miserias
484 2081 573 2149 serre,
589 2080 724 2158 perferre
740 2086 786 2140 est
799 2097 900 2157 graue.

116 2182 135 2231 k
197 2176 272 2225 sur.
297 2163 376 2225 Alios
392 2166 544 2226 ministros
559 2164 663 2226 consili
678 2166 768 2225 tristis
783 2163 864 2243 lege:

151 2250 254 2330 peiora
269 2250 393 2309 iuuenes
409 2249 492 2310 facile
508 2257 666 2329 praecepta
682 2250 813 2318 audiunt,

151 2335 180 2394 in
200 2341 285 2412 patre
301 2335 422 2404 sacient,
440 2333 580 2414 quicquid
596 2336 625 2394 in
641 2342 746 2412 patruo
763 2333 861 2395 doces.
1091 2343 1142 2392 310

151 2438 239 2498 saepe
255 2421 284 2479 in
300 2421 473 2498 magistrum
490 2419 637 2480 scelera
657 2419 811 2481 redierunt
825 2437 887 2480 sua.

111 2495 139 2552 k'
194 2517 272 2564 Aru.
299 2505 335 2564 Vt
350 2522 438 2564 nemo
455 2504 722 2565 doceatiraudis
738 2510 767 2562 et
782 2503 1042 2566 scelerisuias:

150 2605 277 2665 regnum
294 2587 420 2647 docebit.
446 2607 484 2650 ne
499 2589 568 2649 maii
584 2589 655 2648 fiant
670 2590 775 2650 times?

150 2679 314 2731 nascuntur
329 2672 415 2731 istud.
444 2673 522 2749 quod
539 2691 629 2735 uocas
644 2691 767 2735 saeuum
783 2690 920 2752 asperum

150 2757 255 2833 agique
272 2755 345 2815 dure
362 2756 457 2817 credis
476 2765 504 2816 et
519 2760 643 2819 nimium
658 2760 752 2837 inpie,
1091 2764 1143 2812 315

152 2840 277 2901 sortasse
294 2847 322 2900 et
338 2833 398 2901 iliic
413 2843 520 2919 agitur.

219 3046 269 3092 290
286 3047 378 3107 lepitur
396 3047 422 3093 in
440 3045 464 3093 E
481 3053 542 3109 port
560 3062 583 3094 u.
596 3048 646 3095 293
669 3041 681 3112 Η
704 3047 754 3096 300
772 3046 833 3095 eius
851 3044 931 3095 rudes
950 3061 972 3094 ω
991 3047 1071 3095 aeui

150 3124 172 3159 r.
192 3113 223 3159 ct.
244 3109 335 3173 Nile,
355 3112 472 3161 melius
491 3129 511 3162 r.
531 3115 562 3163 ci.
574 3114 729 3166 LMueller.
753 3109 765 3179 ΙΙ
795 3115 844 3164 302
862 3127 1070 3178 preecmmoue-

150 3178 219 3227 bunt
244 3182 286 3227 uel
311 3194 394 3243 prece
417 3182 607 3243 monebuntrp
642 3197 724 3245 prece
744 3180 919 3232 commonebo
937 3179 1011 3229 ΕΜ
1027 3197 1070 3232 un.

150 3260 185 3295 erc
197 3246 264 3295 Pau.
307 3261 371 3295 rece
390 3248 602 3298 commonebant
619 3251 650 3298 ci.
665 3249 819 3300 LMueller.
849 3263 952 3313 preces
975 3263 1071 3299 moue·

150 3313 219 3362 bunt
238 3329 256 3362 α
288 3262 305 3380 ἦ
335 3317 385 3364 303
411 3315 475 3363 hinc
498 3315 580 3366 durus
603 3333 625 3365 ω
656 3332 693 3367 ec
718 3316 800 3366 durus
820 3316 870 3367 Bo.
905 3312 923 3448 g
951 3317 1002 3366 307
1028 3321 1072 3366 est

151 3397 236 3445 graue
255 3381 280 3431 E
300 3387 342 3432 est
360 3398 406 3433 om.
420 3385 446 3432 Α
469 3379 480 3448 il
504 3386 553 3435 308
572 3385 694 3434 consiliis
713 3384 737 3445 (s
756 3400 824 3437 eras.
842 3386 869 3434 in
886 3384 910 3433 R
942 3383 1070 3446 cristino

152 3449 273 3500 consiliis
297 3451 359 3500 istie
383 3465 401 3499 α
431 3450 542 3501 consilii
564 3452 651 3503 tristis
669 3452 788 3512 nean,
817 3450 917 3503 consili
935 3452 1027 3503 tristis
1044 3451 1070 3501 E

152 3514 180 3577 (t.
197 3518 252 3580 Gr.)
282 3515 294 3584 Η
322 3521 372 3569 309
391 3519 469 3568 ATR.
487 3520 583 3584 peiora
601 3519 626 3567 E
653 3520 833 3572 Annona
856 3517 868 3586 ΙΙ
