2326 3922
140 198 212 264 ’154
430 214 460 259 n.
478 213 610 258 annisi
627 212 782 259 sunnone

149 373 252 415 euersa
269 353 305 413 ab
321 355 380 412 irno
396 370 488 428 regna
504 360 547 411 tot
562 350 689 430 populos
705 357 852 429 premunt.

150 433 292 498 sileantur
308 437 396 497 aliae:
420 437 480 497 sola
498 438 625 496 coniunx
640 438 729 514 Aegei

150 523 253 583 Medea
268 523 373 582 reddet
388 521 511 581 lerninas
527 521 622 581 dirum
639 539 742 598 genus.

117 634 132 667 ο
192 622 295 666 nvrn.
318 607 376 667 Cur
392 608 523 666 omniurn
539 607 571 665 sit
586 603 671 682 eulpa
687 623 848 683 paucarum
864 602 982 665 scelus?

150 705 241 751 ΗΙΡΡ.
267 691 398 751 detestor
414 693 510 751 omnis
525 690 635 751 horreo
651 690 730 768 logio
747 707 882 750 execror.

150 777 277 837 sitratio
293 777 330 835 sit
344 781 448 835 natura
464 778 500 835 sit
515 775 609 835 durus
624 775 723 842 luror,

150 861 247 920 odisse
263 861 381 938 placuit.
414 860 533 936 ignibus
548 863 654 936 iunges
669 877 762 936 aquas

151 953 180 1006 et
195 947 288 1004 arnioa
304 944 415 1004 ratibus
431 952 499 1004 ante
515 944 659 1022 promittit
675 943 749 1003 uada

150 1031 263 1089 ineerta
279 1029 385 1107 Syrtis,
403 1036 470 1088 ante
486 1028 522 1089 ab
539 1037 672 1089 extremo
687 1031 753 1088 sinu

150 1113 287 1190 hesperia
303 1111 412 1191 Tethys
427 1111 557 1173 lucidum
574 1112 687 1173 attollet
701 1113 777 1172 diem

151 1207 180 1258 et
195 1216 246 1258 ora
263 1198 356 1258 darnis
370 1196 478 1257 blanda
493 1197 680 1275 praebebunt
695 1197 770 1275 lupi,

62 1335 68 1348 .
151 1301 240 1362 quarn
255 1284 351 1342 nictus
366 1283 496 1342 animuin
512 1283 639 1343 feminae
655 1284 756 1341 mitern
772 1299 885 1359 geram.

112 1370 162 1428 n'·
193 1381 296 1428 nvrn.
322 1367 416 1445 Saepe
432 1366 585 1426 obstinatis
600 1366 694 1426 induit
708 1367 811 1452 [renos
826 1383 910 1426 arnor

152 1461 180 1512 et
196 1453 261 1512 odia
277 1460 378 1512 rnutat.
410 1469 501 1529 regna
517 1458 650 1512 materna
666 1434 799 1528 adspice:

150 1536 217 1597 illae
232 1538 348 1597 lerooes
363 1538 492 1595 sentiunt
507 1534 652 1596 Veneris
644 1553 760 1612 rugum,

150 1622 267 1680 testaris
283 1621 360 1680 istud
376 1621 482 1680 uniens
498 1621 594 1696 gentis
609 1639 693 1699 puer.

151 1718 244 1763 HlPP.
269 1704 399 1765 solamen
417 1723 508 1765 unum
525 1706 627 1764 matris
643 1705 768 1764 amissae
784 1703 848 1763 lero

151 1789 247 1850 odisse
264 1790 340 1867 quod
356 1792 414 1848 iarn
431 1789 553 1849 seminas
569 1806 672 1848 omnes
686 1788 765 1848 licet.

116 1875 140 1933 0'
195 1888 297 1934 nvrn.
315 1877 351 1934 Vt
368 1875 440 1934 dura
458 1881 559 1934 cautes
574 1873 703 1952 undique
718 1869 913 1932 intractabilis

151 1960 259 2018 resistit
275 1959 361 2018 undis
378 1966 407 2018 et
421 1957 602 2018 lacessentes
617 1975 708 2035 aquas

152 2042 239 2118 longe
255 2045 392 2112 remittit,
410 2043 503 2102 uerba
519 2044 562 2103 sio
577 2044 692 2120 spernit
707 2059 782 2101 mea.

152 2127 202 2186 sed
219 2127 353 2187 Phaedra
369 2145 512 2205 praeceps
529 2127 661 2205 graditur
678 2126 825 2204 inpatiens
840 2142 953 2184 morae.
1006 2183 1008 2188 .

152 2227 210 2288 quo
226 2231 258 2272 se
274 2212 355 2272 dabit
369 2212 505 2272 lortunai
528 2230 586 2290 quo
603 2218 708 2288 uerget
722 2209 825 2270 furori

151 2305 249 2357 terrae
265 2302 388 2375 repente
404 2313 513 2373 eorpus
529 2297 697 2356 exanimum
713 2294 820 2354 accidit

152 2389 181 2440 et
196 2399 247 2441 ora
264 2381 351 2440 rnorti
367 2380 469 2440 similis
485 2380 608 2440 obduxit
622 2379 713 2439 color.

152 2465 252 2525 attolle
267 2465 382 2533 uultus,
400 2465 517 2524 dirnoue
533 2466 614 2525 uocis
631 2481 744 2524 moras:

152 2558 220 2608 tuus
236 2568 272 2609 en
289 2550 407 2609 alurnna
423 2557 514 2609 tentet
529 2546 704 2626 Hippolytus
719 2555 809 2607 tenet.

436 2763 603 2812 PHAEDRA
619 2763 663 2809 ΕΤ
680 2763 777 2809 IDEM.

122 2910 139 2942 a
156 2886 265 3029 Quis
281 2905 327 2945 rne
344 2885 437 2946 dolori
454 2886 551 2946 reddit
566 2895 653 2965 atque
669 2895 768 2946 aestus
784 2902 889 2962 graues

221 3090 271 3137 570
289 3092 317 3136 et
336 3103 417 3138 uersa
436 3104 457 3137 or
477 3086 516 3152 (et
534 3103 616 3136 uersa
636 3088 668 3149 li)
688 3102 791 3136 euersa
808 3088 901 3150 scripsi
898 3082 925 3150 Η
937 3087 987 3136 572
1005 3084 1071 3136 red-

153 3155 200 3203 det
217 3154 266 3215 Εψ
289 3155 380 3204 reddit
398 3171 417 3204 α
440 3151 452 3220 [l
475 3157 524 3205 573
549 3170 597 3203 our
614 3171 683 3208 corr
702 3171 737 3204 err
756 3169 802 3203 cor
820 3151 856 3202 E¹
880 3150 891 3217 Η
914 3155 965 3204 582
983 3153 1068 3203 NVT.

152 3219 189 3271 Ε3
204 3218 216 3287 ΙΙ
235 3224 284 3271 585
303 3224 413 3303 genitus
432 3225 456 3271 Α
476 3227 543 3286 gent
546 3224 568 3271 is
532 3222 612 3272 tE
628 3219 640 3288 ll
656 3224 734 3272 590
724 3239 749 3271 m
768 3221 792 3268 E
811 3221 942 3270 abstersus
961 3227 1000 3271 est
1016 3237 1071 3271 una

152 3307 205 3340 oum
222 3291 324 3340 scholiis
347 3292 397 3339 nisi
419 3291 513 3370 quodi
537 3297 561 3339 et
580 3306 597 3353 g
619 3294 721 3340 litterae
744 3289 824 3349 (uocis
842 3288 935 3353 longe)
960 3290 1069 3339 relictae

151 3366 209 3407 runt
234 3355 245 3424 ΙΙ
268 3360 317 3408 592
337 3359 481 3422 quouergit
471 3359 524 3407 tE
561 3373 595 3407 uo
613 3363 711 3422 nerget
729 3357 753 3404 Α
777 3353 788 3422 Η
811 3352 861 3407 ῦ93
879 3361 993 3420 repente
1011 3360 1069 3407 ter·

152 3441 201 3475 rae
220 3428 274 3476 At
264 3433 355 3476 terrae
374 3431 471 3488 repent
475 3441 488 3473 e
461 3426 532 3474 tE
543 3375 644 3490 llcadit
661 3426 685 3473 Α
706 3424 809 3473 accidit
827 3424 852 3472 Ε
865 3421 877 3488 ll
892 3423 1072 3475 PHAEDRA

152 3493 200 3541 ET
218 3495 311 3543 IDEM
330 3494 355 3541 E
373 3493 568 3543 PHAEDRA-
584 3491 991 3542 HtPPOLYTvS·NVTR1x
1008 3489 1062 3557 All
