2326 3922
113 217 179 282 378
503 228 646 277 rucunrr

117 374 218 450 ignara
234 370 327 438 uinci,
345 370 370 428 si
386 369 455 448 qnid
472 369 595 428 excessit
611 367 689 428 ieras

115 459 233 517 inmane
250 454 347 514 dirum
362 453 504 514 horribile
520 471 578 531 quo
595 454 659 513 uiso
674 452 819 515 Hercules

114 546 231 600 auertat
246 537 362 598 oculos:
386 538 445 598 huc
461 555 552 615 specu
568 538 702 598 inmenso
719 545 812 598 exeat.

115 623 164 684 nel
180 626 204 683 si
220 624 300 683 lerae
316 630 476 699 negantur:
500 622 577 682 banc
593 622 720 682 animam
735 639 847 702 precor

112 716 258 769 conuerte
274 708 303 767 in
320 706 407 768 aliud.
439 705 591 785 quodlibet
607 724 727 784 possum
743 706 856 768 malum

115 795 283 853 lracmente
300 792 371 853 fieri.
404 791 549 851 conmoda
565 791 693 868 effigiem
711 792 782 852 mihi
841 866 843 869 ι

117 895 219 956 parem
236 876 344 936 dolori:
368 893 428 935 non
445 877 524 954 capit
538 882 643 954 pectus
658 876 762 938 minas.

113 962 186 1042 quid
204 963 316 1021 excutis
332 960 445 1021 telluris
462 967 610 1021 extremae
626 962 710 1021 sinus

115 1045 278 1123 orbemque
295 1046 412 1107 uersas?
436 1045 506 1124 quid
521 1063 609 1122 rogas
624 1045 720 1106 Ditem
735 1045 830 1105 mala?

115 1147 222 1190 omues
236 1131 266 1188 in
283 1131 337 1189 isto
353 1137 475 1208 pectore
490 1130 624 1190 inuenies
640 1129 719 1190 ieras

117 1232 190 1294 quas
208 1214 317 1273 timuit:
342 1212 416 1274 odiis
432 1216 532 1290 accipe
548 1214 605 1275 hoc
621 1212 712 1275 telum
728 1215 800 1275 tuis:

111 1317 172 1377 nge
187 1301 259 1359 dum
275 1316 405 1359 nouerca
420 1299 548 1377 perdere
564 1298 684 1359 Alciden
701 1308 802 1377 potes:

114 1385 216 1464 profer
232 1401 337 1444 manus
352 1401 549 1460 quocumque.
581 1383 652 1462 quid
668 1400 766 1444 cessas
783 1383 855 1444 dea?

115 1477 199 1529 utere
216 1467 342 1529 furente.
374 1466 451 1545 quod
468 1467 553 1528 iubes
568 1468 634 1528 lieri
650 1468 751 1528 uelas‘l

114 1553 223 1629 reperi.
256 1552 324 1629 quid
341 1552 465 1613 haeres?
489 1553 552 1630 ipsa
567 1554 624 1612 iam
642 1569 740 1613 cesses
755 1551 840 1621 licet,

114 1637 189 1696 baec
204 1637 248 1694 ira
264 1637 334 1697 satis
351 1642 403 1697 est.

110 1735 216 1780 uuum.
436 1721 566 1799 pectoris
582 1722 646 1782 sani
662 1738 767 1800 parum

7 1871 9 1875 ,
110 1804 232 1864 alumna
248 1813 368 1883 questus
384 1807 538 1883 conprime
554 1811 583 1866 et
597 1805 731 1865 dammas
746 1805 845 1866 doma.

113 1889 198 1949 irena
215 1888 358 1949 dolorem.
390 1891 546 1968 coniugem
562 1890 685 1950 ostende
700 1890 847 1950 Herculis.
891 1902 912 1942 F.
925 1895 1004 1944 cxxxx
1016 1885 1047 1936 ²8⁰

112 1987 233 2034 Dulnn.
258 1973 318 2034 Iole
335 1977 407 2034 meis
423 1976 539 2051 captiua
554 1992 712 2051 germanos
728 1974 809 2035 dabit

113 2061 189 2118 uatis
204 2059 341 2136 Iouisque
356 2059 406 2118 liet
421 2078 456 2118 ex
473 2058 580 2118 lamnla
598 2060 708 2119 nrrrnsi

111 2161 183 2203 num
199 2141 316 2202 flamma
335 2161 439 2204 cursus
456 2145 566 2220 pariter
583 2151 611 2203 et
628 2153 745 2204 torrens
760 2145 838 2205 leret

112 2238 142 2287 et
158 2246 225 2288 ursa
243 2236 366 2304 pontum
382 2229 459 2288 sicca
476 2227 646 2288 caeruleum
662 2227 762 2289 bibet?

113 2331 171 2372 non
188 2312 236 2372 ibn
252 2311 354 2371 inulta.
386 2315 514 2389 gesseris
530 2312 644 2372 caelum
659 2311 729 2373 licet

109 2404 249 2475 totusque
266 2415 369 2474 pacem
385 2396 490 2456 debeat
506 2397 633 2457 mundus
649 2396 718 2458 tibi:

109 2489 157 2541 est
173 2482 281 2560 aliquid
298 2481 390 2560 hydra
407 2484 507 2558 potius
523 2483 614 2542 iratae
630 2481 716 2541 dolor

112 2575 231 2642 nuptae.
264 2567 328 2643 quis
344 2567 420 2641 ignis
436 2574 533 2626 tantus
549 2568 578 2624 in
595 2565 709 2626 caelum
726 2566 800 2627 lurit

109 2649 241 2709 ardentis
257 2651 385 2710 Aetnaei
409 2651 548 2728 quicquid
564 2659 609 2711 est
625 2652 735 2712 uictum
752 2651 805 2711 tibi

177 2836 228 2885 264
247 2835 318 2899 quod
335 2835 361 2884 E
380 2851 433 2899 quo
452 2832 643 2902 AssHerculis
660 2834 695 2884 Ε1
710 2835 853 2904 οοννΕἨ
870 2840 920 2890 265
936 2839 981 2888 hnc
995 2848 1011 2881 tr

108 2902 172 2952 huc
191 2904 266 2952 NHs.
280 2899 291 2969 ΙΙ
304 2919 388 2967 specu
406 2904 457 2952 ΕΑ
476 2905 539 2954 sinu
556 2899 602 2969 ψΙΙ
615 2906 664 2954 267
683 2904 796 2969 aliquod
815 2906 866 2955 EA
886 2903 1012 2972 eliqnidd

107 2971 195 3020 aliud
214 2973 288 3023 NHs.
302 2968 313 3036 ll
327 2986 437 3036 possum
449 2988 471 3021 ω
489 2974 588 3035 possit
606 2988 625 3021 α
636 2968 647 3038 Η
660 2973 710 3021 272
729 2974 858 3024 inuenies
876 2975 901 3024 Ε
915 2970 1014 3025 Deirinm'

108 3039 238 3087 inuenies
257 3039 281 3088 Α
311 3037 322 3105 Η
352 3041 401 3089 273
419 3040 510 3087 timuit
528 3039 553 3086 E
571 3040 669 3088 timeat
687 3041 713 3089 A
742 3035 755 3106 fl
784 3043 835 3090 274
853 3041 914 3106 Ego
933 3052 1014 3093 sumu

107 3103 249 3168 Aequum
267 3107 342 3158 NHs.
369 3106 512 3171 Agedum
529 3110 632 3171 scripsi,
649 3104 727 3172 11275
747 3108 844 3158 Perfer
862 3110 915 3160 ΕΑ
935 3107 1015 3160 Profer

109 3171 192 3221 Basil.
212 3189 259 3236 nqq.
277 3174 336 3222 Fer
355 3175 397 3223 fer
415 3177 456 3224 uel
479 3173 569 3224 Olfer
588 3175 663 3227 NHs,
685 3171 697 3240 ll
717 3176 768 3225 276
787 3174 848 3225 fieri
866 3194 888 3227 ω
912 3177 963 3228 fiet
976 3176 996 3226 A
1010 3168 1016 3233 d

108 3241 159 3289 277
177 3240 279 3304 Reperi
291 3241 341 3290 EA
361 3242 462 3305 Peperi
474 3250 497 3306 ψ
509 3237 520 3306 Η
539 3242 588 3292 278
607 3243 662 3291 fati
675 3248 718 3293 est
730 3243 755 3291 Ε
774 3245 845 3294 satis
859 3250 903 3295 est
915 3242 964 3312 ΑΗ
978 3243 1016 3293 281

109 3307 169 3358 Iole
188 3308 239 3357 ΕΑ
262 3308 351 3373 Illip
375 3306 386 3375 Η
410 3312 459 3359 282
480 3326 513 3359 ex
532 3310 582 3358 ΕΑ
605 3313 631 3359 in
649 3313 702 3360 ind.
722 3327 775 3361 err.
800 3307 811 3376 ΙΙ
836 3314 887 3364 283
906 3314 974 3363 Num
989 3308 1018 3359 cll

107 3376 176 3427 Pau.
196 3393 280 3426 omnes
308 3376 370 3426 Non
388 3377 412 3425 Α
442 3375 454 3442 Η
483 3378 556 3426 ieret
574 3378 624 3427 EA
643 3380 736 3430 ferent
753 3381 821 3431 Pali.
841 3387 869 3429 ut
886 3383 992 3432 uidebo.
1008 3377 1017 3433 'l

109 3444 158 3492 286
177 3444 261 3493 michi
279 3445 304 3493 Ε
322 3445 376 3494 tibi
395 3446 419 3494 Α
438 3444 515 3510 11287
533 3446 625 3510 potins
644 3455 681 3509 εψ
699 3447 780 3510 peius
798 3448 823 3496 A
841 3445 853 3514 ΙΙ
876 3451 928 3500 289
947 3466 970 3513 q.
986 3448 1019 3495 in·

104 3509 210 3563 uictum
230 3512 283 3565 tibi
302 3512 396 3563 lanl.
414 3527 441 3576 q.
458 3514 592 3563 inuictum
609 3520 652 3564 est
670 3515 723 3564 tibi
741 3514 861 3579 Scaliper
883 3515 896 3582 ΙΙ
