2326 3922
105 213 169 278 432
493 224 637 273 ructuant

106 371 204 429 uictor
220 373 361 427 cruentus
376 364 484 426 abstuli
498 365 627 442 patriam
641 363 720 424 lares

107 451 239 529 nihilque
255 452 382 511 miserae
397 457 516 527 praeter
531 447 655 514 Alciden
672 448 755 518 dedi,

108 546 137 598 et
151 539 206 597 iste
222 537 345 614 rapitur.
377 545 483 612 penset
497 551 655 595 aerumnas
670 550 756 601 suas,

107 623 186 682 louis
200 628 340 699 nepotem
357 621 456 680 loueat
471 626 500 678 et
515 626 617 679 natum
633 617 779 678 Herculis.

107 705 161 766 tibi
176 705 223 766 illa
240 707 336 783 pariat
351 704 489 783 quicquid
506 722 542 764 ex
558 702 645 763 nobis
660 702 759 763 hahet.

108 800 198 870 tuque
214 793 276 867 ipsa
292 788 428 869 planctus
444 806 522 865 pone
538 789 680 848 funereos
695 805 805 865 precor

108 895 126 936 o
141 893 211 937 cara
227 876 377 952 genetrix,
394 875 469 934 uiuit
483 871 600 933 Alcides
614 871 683 932 tibi:

108 963 218 1021 uirtute
233 966 333 1018 nostra
350 958 495 1037 paelicem
508 959 571 1018 feci
581 964 662 1017 tuam

109 1045 190 1105 credi
206 1061 376 1103 nouercam.
408 1045 472 1104 siue
488 1050 628 1103 nascente
644 1040 774 1102 Hercule

108 1147 167 1189 nox
182 1127 231 1187 illa
248 1134 328 1188 certa
345 1135 389 1188 est
404 1129 467 1187 siue
483 1126 617 1187 mortalis
632 1144 717 1186 meus

107 1220 193 1290 pater
209 1222 269 1282 est,
286 1212 354 1273 licet
369 1213 406 1273 sit
422 1211 494 1272 falsa
509 1213 669 1290 progenies
684 1213 758 1281 mei,

110 1307 242 1358 materna
261 1297 346 1375 culpa
363 1305 458 1358 cesset
473 1303 502 1357 et
517 1299 632 1358 crimen
646 1297 741 1356 louis:

110 1384 207 1442 merui
222 1388 391 1462 parentem:
417 1381 527 1442 contuli
544 1380 627 1442 caelo
643 1381 744 1441 decus

110 1474 216 1527 natura
231 1486 279 1527 me
295 1469 431 1544 concepit
445 1469 477 1526 in
492 1467 594 1527 laudes
609 1466 698 1526 louis.

110 1553 181 1630 quin
196 1554 259 1630 ipse
276 1569 454 1630 quamquam
470 1551 504 1611 lu
527 1552 604 1629 piter
620 1551 704 1611 credi
719 1567 805 1610 meus

93 1645 193 1714 -pater
209 1654 273 1696 esse
289 1635 407 1713 gaudet.
434 1569 527 1713 parcl
540 1637 598 1695 iam
613 1633 743 1695 lacrimis
759 1652 884 1712 parens:

110 1719 239 1798 superba
256 1729 364 1780 matres
379 1723 457 1781 inter
472 1719 617 1798 argolicas
634 1721 702 1780 eris.

111 1804 181 1882 quid
197 1804 255 1864 tale
271 1806 344 1865 luno
360 1806 481 1882 genuit?
504 1805 670 1866 aetherium
685 1822 792 1882 gerens

111 1898 262 1967 sceptrum
280 1897 308 1949 et
324 1891 437 1949 tonanti
453 1898 544 1967 nupta
562 1889 680 1950 mortali
698 1898 814 1965 tamen*

112 1973 225 2035 caelum
243 1981 347 2034 tenens
362 1974 483 2034 inuidit:
508 1973 629 2034 Alciden
646 1991 732 2033 suum

111 2060 167 2119 dici
184 2077 248 2119 esse
264 2058 366 2127 uoluit.
398 2077 509 2137 perage
524 2076 603 2119 nuno
619 2059 706 2119 Titan
721 2060 802 2120 uices

111 2143 190 2204 solus
206 2142 340 2203 relictus:
365 2141 413 2203 ille
430 2146 481 2222 qui
497 2153 597 2204 uester
613 2161 713 2204 comes

111 2228 221 2306 ubique
236 2230 365 2297 sueram,
384 2235 494 2288 tartara
511 2236 541 2288 et
556 2245 659 2288 manes
674 2236 754 2306 peto.

110 2314 187 2372 hanc
204 2320 301 2372 tamen
318 2312 353 2371 ad
369 2313 444 2373 imos
459 2313 609 2390 perieram
624 2312 742 2373 laudem
758 2312 916 2387 inclutam,

180 2502 244 2549 1496
268 2498 351 2548 ΗΕΒ.
370 2499 395 2546 Ε
418 2515 464 2548 om.
483 2500 508 2548 A
532 2495 544 2565 11
567 2499 688 2563 patriam
709 2496 784 2548 lares
809 2500 876 2549 eon
906 2497 1017 2564 patrios

110 2568 169 2616 lare
189 2569 214 2616 A
238 2584 255 2616 a
274 2567 365 2631 patrio
385 2567 471 2616 extuli
489 2566 550 2616 lare
568 2568 591 2616 R
611 2563 623 2632 11
647 2567 849 2631 14081111555
867 2568 894 2617 Ε
917 2568 952 2615 Et
969 2567 1016 2629 ipse

111 2640 145 2686 ὀ.
164 2652 187 2683 o.
207 2638 234 2683 l.’
253 2636 326 2684 Delo.
345 2636 381 2683 Et
399 2634 451 2684 iste
470 2635 496 2684 A
516 2632 527 2700 11
548 2639 616 2684 tuas
635 2634 710 2683 NHs.
772 2637 837 2685 1501
857 2628 1018 2684 funereosE

111 2701 242 2751 funebres
255 2703 280 2751 A
292 2699 303 2767 11
317 2704 382 2752 1502
401 2702 477 2751 clara
490 2716 503 2752 ε
517 2703 542 2751 Α
562 2718 635 2751 caru
648 2702 723 2751 NHc.
761 2704 834 2752 uiuit
845 2703 872 2753 Ε
890 2701 996 2752 uiuetA
1011 2696 1017 2761 1

110 2769 163 2817 1151
181 2769 207 2816 Ε
226 2773 288 2818 tuus
307 2771 332 2819 A
353 2766 364 2834 11
387 2771 451 2820 1503
470 2772 563 2820 nostra
580 2771 606 2818 Ε
624 2774 719 2818 nostra
737 2770 763 2818 A
780 2766 791 2834 11
813 2772 881 2821 1504
899 2768 1018 2821 nascenti

110 2836 221 2887 hercule
239 2837 265 2885 Ε
287 2842 423 2886 nascente
442 2838 565 2888 Hercule
585 2839 610 2887 A
628 2834 639 2902 11
658 2839 723 2886 1505
745 2837 807 2888 Nox
826 2840 878 2888 εΑ
904 2839 964 2889 Non
978 2831 1018 2898 011

111 2907 178 2955 1506
196 2907 251 2954 mei
268 2906 325 2954 ER
343 2905 410 2952 mihi
426 2907 451 2955 A
475 2902 486 2972 11
510 2907 575 2955 1507
595 2905 668 2955 abest
685 2904 712 2954 li
733 2903 746 2969 11
771 2909 838 2957 1508
857 2909 926 2957 1509
944 2907 1019 2956 doun

113 2973 162 3036 Gp
184 2969 195 3039 11
220 2974 286 3023 1510
305 2988 386 3037 quam
405 2973 430 3021 Ε
448 2980 654 3037 quemquamst
678 2987 786 3037 queque
806 2975 831 3023 A
856 2989 965 3039 quoque
980 2966 1019 3034 111·

112 3042 177 3089 1511
196 3041 318 3090 lacrimis
337 3056 439 3105 parens
458 3041 566 3091 Enna
584 3041 709 3091 laiirimis
722 3042 790 3091 meis
810 3038 942 3107 ,4111513
960 3035 1020 3102 Quid

111 3107 168 3155 tale
181 3109 245 3156 iuno
258 3110 354 3172 genuit
366 3109 392 3158 Ε
410 3109 442 3169 Q.
455 3113 473 3157 t.
494 3109 593 3172 genuit
611 3108 721 3172 peperit
738 3109 795 3172 (om.
810 3110 887 3171 iuno)
907 3110 948 3159 oo
964 3109 993 3169 Q.
1004 3110 1021 3154 l·

110 3175 179 3223 Iuno
191 3177 301 3239 peperit
313 3177 338 3224 A
351 3172 362 3240 11
377 3178 441 3226 1515
458 3176 526 3224 Dici
537 3192 599 3226 esse
611 3193 632 3226 ω
651 3176 725 3238 Dici,
741 3192 802 3226 esse
816 3178 867 3228 Bo.
883 3179 949 3228 Dici
959 3178 1021 3240 ipse

111 3246 153 3291 oel
164 3243 230 3291 Dici
243 3258 278 3291 eo
287 3259 322 3292 oe
337 3244 414 3296 uris.
428 3245 485 3307 ipse
497 3245 620 3293 Dixisse
633 3249 800 3304 coniecerant,
813 3248 863 3296 sed
873 3248 927 3296 uid.
939 3245 1022 3295 Teren·

111 3313 161 3359 tiuo
172 3311 268 3361 Heaut.
281 3328 305 3363 o.
321 3313 369 3360 100
387 3314 447 3377 Ego
461 3316 488 3360 te
501 3327 591 3361 meum
611 3327 689 3361 esse
709 3313 780 3362 diei
798 3314 939 3379 tantisper
956 3309 1022 3363 uolo

112 3385 137 3426 et
156 3379 244 3428 o.270
263 3393 331 3428 anus
355 3379 433 3440 Quae
457 3384 499 3428 est
523 3379 617 3428 diota
636 3385 725 3431 mater
747 3396 825 3430 esse
850 3382 877 3432 ei
902 3380 1023 3437 antehoc,

112 3447 246 3498 nonfuit.
268 3444 279 3511 11
301 3449 367 3497 1516
386 3450 451 3498 1517
470 3450 608 3497 coniectati
624 3448 647 3497 R
666 3443 678 3512 11
700 3451 765 3498 1517
784 3453 880 3499 noster
899 3450 923 3499 R
936 3449 980 3500 Mo
996 3441 1025 3507 ,1

109 3511 234 3566 relictos
254 3511 435 3584 arreptura
452 3515 624 3579 Vbicumque
643 3512 768 3581 11111519
787 3517 915 3568 indutam
933 3517 959 3568 Ε
979 3464 995 3581 1
