2326 3922
495 183 674 231 cernercs
1000 168 1040 233 79

129 340 205 386 rur.
229 343 330 385 meum
347 342 411 384 esse
427 322 533 391 credo,
551 322 689 401 quicquid
706 328 763 392 est,
780 323 887 392 frater,
903 331 996 384 tuum.
1058 343 1108 391 535

104 426 117 475 a
172 423 250 469 arn.
275 409 350 490 Quis⁸
362 405 552 468 influentis
568 407 644 467 (luna
661 407 798 468 fortunae
813 408 933 468 abnuit?

130 510 205 555 cnr.
230 501 371 571 expertus
387 500 431 552 est
447 493 634 570 quicumque,
651 510 737 570 quam
755 492 839 553 facile
856 491 1016 553 effluant.

131 594 202 639 ern.
226 577 351 638 tratrem
367 578 455 655 potiri
471 575 593 653 gloria
609 577 721 654 ingenti
737 578 838 637 uetes?

131 679 203 724 rur.
228 670 278 724 tua
294 665 353 723 iam
368 671 487 738 peracta
504 659 626 738 gloria
648 669 706 730 est,
726 667 816 722 restat
831 679 911 722 mea:

131 767 268 827 respuere
284 755 398 808 certum
415 753 459 806 est
474 762 564 823 regna
581 745 736 806 consilium
753 745 835 806 mihi.
1058 763 1108 812 540

107 841 123 896 t'
168 847 246 893 arn.
270 832 364 892 Meam
380 829 561 909 relinquam,
577 830 633 889 nisi
648 837 728 890 tuam
745 837 859 908 partem
876 832 1026 910 accipis.

134 932 206 977 rur.
230 918 388 994 accipio.
413 917 496 992 regni
511 932 621 974 nomen
638 914 796 994 inpositi
811 916 914 985 feram,

136 1003 179 1062 sed
193 1004 259 1062 iura
274 1009 303 1061 et
319 1019 400 1061 arma
416 1000 546 1060 seruient
562 1018 679 1061 mecum
695 1000 758 1061 tibi.

137 1101 204 1146 irc.
228 1088 394 1164 inposita
409 1086 496 1162 capiti
513 1082 609 1144 uincla
625 1081 893 1164 uenerandu'gere.

138 1189 183 1248 ego
197 1171 356 1232 destinatas
372 1171 507 1230 uictimas
523 1170 638 1247 superis
652 1169 740 1257 ¹(labo.
1059 1184 1108 1234 545

506 1328 643 1416 ΟΗΟΒνὲ

123 1519 134 1549 a
283 1490 391 1552 Credat
405 1490 462 1550 hec
478 1491 652 1568 quisquam?
668 1489 749 1550 ierus
764 1488 813 1550 ille
829 1497 857 1549 et
873 1508 941 1550 acer

214 1594 268 1636 nec
284 1583 389 1654 potens
405 1577 512 1634 mentis
528 1573 711 1634 truculentus
727 1577 832 1635 Atreus

214 1659 313 1719 fratris
328 1666 449 1738 aspectu
465 1659 646 1738 stupefactus
663 1659 765 1720 haesit.

254 1828 338 1889 Nulla
355 1830 399 1889 uis
414 1829 508 1888 maior
524 1830 633 1906 pietate
648 1846 718 1888 uera
735 1836 794 1889 est:

215 1914 306 1991 iurgia
323 1914 452 1974 externis
468 1914 587 1975 inimica
602 1914 717 1982 durant,

216 2015 288 2074 quos
304 2015 387 2058 amor
406 2015 496 2058 uerus
513 1999 615 2067 tenuit,
632 1997 751 2058 tenebit.

256 2167 302 2227 lra
318 2185 385 2227 cum
401 2167 516 2242 magnis
532 2168 636 2245 agitata
653 2168 748 2227 causis
798 2169 804 2181 ”

216 2253 337 2327 gratiam
353 2253 434 2329 rupit
450 2251 614 2330 cecinitque
631 2251 751 2320 bellum,

218 2353 281 2395 cum
299 2334 379 2396 leues
396 2336 486 2396 irenis
501 2353 628 2395 sonuere
644 2343 766 2405 turmae,

215 2420 292 2479 lulsit
307 2420 376 2480 hinc
391 2418 472 2480 illinc
488 2422 612 2497 agitatus
628 2421 716 2489 ensis,

256 2590 348 2661 Quem
365 2597 466 2650 mouet
481 2589 588 2650 crebro
605 2588 782 2650 furibundus
797 2590 856 2650 ictu

216 2676 387 2751 sanguinem
402 2675 521 2734 Mauors
538 2676 660 2751 cupiens
675 2683 840 2736 recentem:

215 2759 354 2836 opprimit
370 2759 482 2819 lerrum
498 2759 693 2837 manibusque
709 2761 814 2820 iunctis

173 2895 177 2905 .
216 2841 295 2903 ducit
309 2842 344 2902 ad
361 2861 464 2920 pacem
481 2845 574 2920 pietas
589 2851 741 2922 negantes,

256 3011 354 3072 Otium
371 3020 452 3072 tanto
468 3011 596 3074 subitum
613 3032 629 3073 e
645 3013 770 3073 tumultu

214 3099 279 3175 quis
294 3098 470 3158 deus-lecit?
486 3097 573 3158 modo
589 3116 643 3175 per
658 3100 794 3178 Mycenas

215 3200 295 3243 arma
313 3181 406 3243 ciuilis
422 3201 566 3260 crepuere
583 3181 660 3243 belli.

178 3387 226 3435 541
246 3385 400 3435 nituamE
422 3381 435 3452 Ι]
457 3386 508 3435 544
526 3385 626 3450 regen
644 3402 710 3451 gere
724 3386 748 3435 A
765 3381 777 3451 ll
801 3381 944 3436 CHORVS
956 3382 1008 3432 EA
1020 3378 1032 3447 11

129 3454 177 3504 558
196 3452 375 3519 opprimeiE
402 3454 568 3519 opprimilA
598 3450 610 3520 ll
876 3500 881 3509 ,
1080 3458 1083 3463 “
