2326 3922
445 195 608 246 recantes
922 182 987 248 259

65 353 193 415 magnus
208 336 265 398 sibi
278 337 343 416 ipse
358 354 417 397 non
433 337 503 397 lacit
518 337 607 396 finem
623 335 737 397 dolor.

64 435 173 482 sunu.
198 421 368 483 lacrimis
383 420 465 483 Vlixe
475 438 568 500 parua
583 437 670 498 quam
680 423 807 501 petimus
819 441 917 484 mora
930 432 982 485 est.

66 508 216 578 concede,
232 524 341 586 opacos
356 514 388 568 ut
403 523 468 569 mea
484 506 610 567 condam
628 525 717 567 manu

65 593 195 654 uiuentis
210 591 321 653 oculos.
339 625 375 636 -

29 687 47 736 b
406 674 522 736 Occidis
536 693 646 754 paruus
662 675 781 752 quidem

65 763 118 823 sed
134 763 192 823 iam
209 761 364 822 timendus.
396 759 483 821 Troia
500 767 529 820 te
545 768 682 840 expectat
698 768 756 821 tua.
1002 772 1052 823 800

65 847 75 905 i
90 846 167 907 uade
182 845 271 916 liber,
289 844 399 930 liberos
413 844 508 907 Troas
523 844 600 907 uide.
616 879 658 888 —-

65 934 209 993 miserere
226 939 330 992 mater.
346 965 389 976 -
405 929 474 1008 quid
490 947 573 990 meos
588 930 699 991 retines
714 931 796 991 sinus

65 1034 230 1094 manusque
245 1015 366 1076 matris?
389 1032 471 1075 cassa
486 1014 634 1093 praesidia
648 1032 786 1093 occupas.

28 1101 56 1162 b'
111 1100 242 1162 Fremitu
258 1099 353 1161 leonis
368 1097 463 1179 qualis
478 1099 577 1160 audito
592 1108 679 1161 tener

65 1186 200 1247 timidum
216 1185 359 1246 iuuencos
373 1183 502 1266 applicat
514 1186 603 1245 matri
617 1182 708 1254 latus,

65 1279 96 1331 at
110 1269 159 1331 ille
175 1287 283 1331 saeuus
297 1275 392 1329 matre
408 1275 554 1329 summota
569 1268 634 1330 loco

63 1355 206 1433 praedam
221 1355 368 1415 minorem
384 1353 533 1415 morsibus
548 1355 638 1415 uastis
655 1360 759 1414 teneus

64 1440 177 1517 frangit
193 1439 347 1517 uehitque:
371 1437 436 1499 talis
452 1458 468 1499 e
484 1446 587 1500 nostro
597 1434 684 1499 'sinu-

63 1533 94 1585 te
109 1526 206 1603 rapiet
220 1524 323 1585 hostis.

27 1636 45 1670 a
355 1606 487 1669 Oscula
504 1615 534 1668 et
548 1606 664 1668 fletus
678 1626 753 1686 puer

62 1694 238 1774 lacerosque
253 1695 379 1754 crines
394 1694 497 1772 excipe
514 1700 544 1754 et
557 1691 663 1770 plenus
678 1695 735 1752 mei

63 1796 191 1841 occurre
205 1778 315 1857 patri.
345 1795 439 1856 pauca
454 1786 604 1838 maternae
620 1785 718 1837 tamen

62 1865 166 1943 perier
182 1861 321 1942 querelae
336 1861 444 1923 uerba:
468 1863 493 1923 si
508 1879 610 1922 manes
625 1861 736 1924 habent

63 1967 153 2010 curas
167 1949 283 2026 priores
298 1964 353 2009 nec
368 1949 446 2026 perit
460 1946 587 2008 llammis
601 1964 700 2016 amor,

61 2036 182 2094 seruire
196 2035 279 2110 graio
296 2034 406 2112 pateris
420 2032 647 2094 Andromachen
664 2033 729 2095 uiro

61 2116 194 2179 crudelis
208 2117 338 2179 Hectori
359 2117 456 2179 lentus
471 2125 501 2179 et
516 2117 614 2195 segnis
629 2118 717 2178 iaces.

25 2204 53 2264 ι’
106 2202 205 2264 Rediit
220 2200 356 2264 Achilles.
388 2219 472 2265 sume
486 2219 567 2263 nunc
581 2202 689 2263 iterum
706 2221 828 2265 comas

61 2295 91 2349 et
106 2305 192 2348 sume
206 2285 380 2348 lacrimas
397 2285 557 2367 [quicquid
570 2305 587 2347 e
601 2291 711 2348 misero
725 2292 789 2350 uiri

57 2373 174 2446 sunere
189 2374 326 2433 relictum
342 2369 399 2452 est]
416 2389 500 2433 sume
515 2389 591 2452 quae
606 2372 714 2431 reddas
731 2379 780 2432 tuo

60 2455 191 2517 oscula
205 2457 364 2534 parenti.
395 2457 497 2516 matris
514 2455 591 2517 hanc
606 2453 746 2517 solacium

60 2541 197 2620 relinque
213 2549 342 2602 uestem:
365 2539 496 2603 tumulus
511 2540 588 2601 hanc
603 2541 700 2618 tetigit
716 2558 800 2601 meus

58 2643 223 2704 manesque
239 2626 310 2687 cari.
340 2625 436 2704 siquid
453 2621 500 2684 hic
515 2625 624 2685 cineris
639 2623 708 2686 latet
715 2626 726 2693 ,'

57 2813 262 2822 --—--

128 2929 178 2980 796
196 2929 257 2995 ipse
275 2941 290 2980 ε
307 2929 362 2996 ipsi
380 2929 404 2979 A
423 2925 502 2996 11798
520 2944 624 2996 pancos
642 2929 668 2978 E
692 2944 793 2994 paruos
813 2930 837 2977 A
856 2929 980 2994 patrios

57 2996 107 3049 Bo.
121 3000 219 3063 scripsi
231 3011 347 3063 opscos
359 2993 371 3064 ΙΙ
382 2998 433 3049 802
445 2997 521 3050 AS'I'.
532 2998 666 3049 Miserere
677 3001 765 3047 muter
776 2997 860 3050 AND.
873 2996 945 3058 Quid
958 3015 981 3048 ω

56 3065 136 3116 AST.
154 3072 181 3117 et
198 3065 284 3117 AND.
303 3067 398 3135 deleuit
417 3065 470 3118 GR.
495 3061 507 3132 ΙΙ
536 3067 585 3116 806
605 3065 650 3116 leo
668 3083 689 3117 oo
707 3064 768 3115 loco
787 3065 810 3115 lt
828 3065 903 3115 NHo.
922 3069 978 3116 coll.

57 3134 131 3187 Med.
155 3135 207 3185 927
230 3132 359 3184 discessit
383 3131 454 3185 loco.
482 3129 496 3199 ΙΙ
523 3134 573 3184 807
598 3147 725 3199 premens
748 3133 772 3182 A
803 3137 902 3182 tenens
920 3133 945 3181 Ε
965 3135 978 3196 Η

57 3203 108 3253 809
126 3201 220 3268 periet
237 3200 263 3252 Ε
285 3197 297 3267 ΙΙ
320 3201 370 3252 814
387 3200 447 3252 uiro
465 3198 515 3264 Εψ
533 3202 597 3266 iugo
616 3198 664 3269 ull
675 3202 724 3253 817
744 3200 874 3266 quicquid
895 3216 909 3250 e
929 3202 979 3249 mi·

58 3284 120 3320 sero
138 3269 194 3319 uiri
215 3271 591 3322 curaequamquam.
615 3272 663 3321 sed
680 3270 795 3319 ductibus
811 3285 842 3321 m.
857 3284 900 3332 pr.
919 3267 945 3315 E
964 3268 977 3331 Η

58 3334 128 3388 817⁵
151 3337 218 3388 818·
240 3337 332 3388 delent.
361 3331 374 3403 ΙΙ
401 3337 452 3387 819
474 3335 577 3388 solatio
596 3335 645 3388 eA‘
667 3336 842 3389 solaciumR
876 3334 979 3385 solatia

59 3404 136 3456 ulte.
158 3401 172 3471 ΙΙ
195 3404 244 3455 8⁸21
263 3402 354 3470 siquid
371 3403 397 3453 Ε
415 3401 549 3469 quidquid
569 3407 592 3455 A
617 3403 629 3474 ΙΙ

710 3488 773 3552 17*
