2326 3922
541 237 684 285 INCERTI

281 378 331 438 ilie
347 379 478 439 ferocem
495 379 579 438 iussit
593 376 736 439 Achillem

281 462 400 541 pulsare
415 463 520 542 lyram.

283 549 371 626 fregit
387 549 517 618 Danaos,
534 547 623 626 fregit
639 547 780 608 Atririem.

281 650 372 710 regua
389 634 497 693 euertit
511 633 635 701 Priami,
653 631 748 692 cieras

282 717 370 777 diruit
385 718 484 777 urbes.

324 853 360 912 Et
375 871 453 913 nunc
469 852 670 932 enimusquid
686 852 762 913 ierat
776 852 883 914 horret

282 939 327 998 uis
342 939 463 998 immitis
479 937 608 999 uiolenta
624 937 681 998 dei.

560 1153 662 1200 NERO.
760 1149 762 1153 ’

198 1275 222 1336 0
239 1274 317 1336 lenta
333 1279 455 1336 nimium
473 1275 573 1336 militis
589 1277 682 1336 nostri
699 1293 804 1336 mamis

155 1363 242 1420 etim
259 1362 372 1438 petiens
388 1369 455 1440 post
471 1361 554 1420 nefas
569 1367 682 1421 tantum
700 1378 780 1428 mee,

155 1446 233 1523 quod
250 1464 310 1505 nen
326 1465 414 1507 cruor
431 1444 525 1507 ciuilis
541 1463 680 1506 accensas
695 1445 775 1504 seces

155 1531 298 1606 extinguit
313 1532 343 1590 in
360 1549 414 1590 nes
432 1531 521 1591 caede
538 1549 593 1592 uec
608 1528 709 1607 popuii
725 1530 825 1590 madet

154 1613 276 1674 funerea
293 1615 384 1676 Roma
400 1634 475 1693 quae
491 1616 572 1676 uiros
588 1614 662 1676 teies
676 1612 751 1674 tulit.

155 1704 184 1757 et
199 1697 248 1757 iila
265 1700 310 1758 cui
326 1718 374 1759 me
390 1701 499 1760 ciuium
516 1700 623 1760 subicit
637 1699 722 1759 furor

153 1792 289 1862 suspecta
306 1785 432 1844 coniunx
450 1792 479 1844 ct
494 1803 580 1845 soror
595 1801 713 1863 semper
730 1783 815 1852 mihi,

153 1868 271 1928 tandem
289 1867 384 1929 delmi
400 1870 535 1945 spiritum
552 1868 657 1929 reddat
671 1886 737 1928 meo

155 1952 287 2031 iramque
304 1960 435 2014 nostrum
451 1955 593 2030 sauguine
609 1953 759 2030 extinguat
774 1970 837 2014 suo.

155 2038 280 2098 admissa
297 2038 348 2099 sed
364 2040 422 2099 iem
438 2046 533 2098 morte
548 2039 649 2117 puniri
663 2055 769 2115 parum
786 2045 846 2108 est,

154 2125 292 2197 grauiore
308 2126 417 2182 meruit
431 2124 553 2200 impium
569 2121 665 2200 piebis
681 2121 792 2182 sceius:

155 2224 221 2266 mcx
240 2215 313 2266 tecta
329 2207 453 2268 flammis
469 2208 626 2287 coriciilent
642 2206 725 2267 urbis
740 2207 829 2277 meis,

153 2292 237 2366 ignes
253 2293 357 2352 ruinae
373 2293 491 2352 nexium
507 2290 648 2370 populum
666 2300 802 2369 prement

153 2379 308 2456 turpisque
324 2385 437 2454 egestas
454 2395 541 2436 saeue
560 2396 624 2437 cum
642 2375 723 2436 luctu
739 2375 842 2437 semes.

154 2460 279 2521 exsultet
294 2464 396 2538 iirgens
412 2461 522 2522 saeculi
537 2462 631 2522 uestri
646 2460 732 2521 benis

153 2555 291 2624 corrupta
308 2546 393 2606 turba
409 2565 464 2607 nec
481 2548 559 2624 cepit
574 2545 758 2606 clementiam

152 2629 265 2704 ingrata
282 2638 412 2691 nestram
429 2631 509 2691 serre
525 2649 580 2690 nec
596 2648 697 2708 pecem
715 2637 821 2708 potest.

153 2711 203 2770 sed
220 2713 349 2790 inquieta
366 2719 481 2792 rapitur
497 2716 565 2776 hinc
582 2715 716 2784 audacie,

152 2795 221 2857 hine
236 2799 400 2872 temeritete
415 2799 511 2861 fertur
526 2802 555 2859 in
572 2815 715 2878 praeceps
731 2815 792 2859 sue.

219 3036 269 3085 832
288 3052 375 3102 regne
392 3052 460 3087 corr.
481 3053 516 3087 ere
534 3037 631 3101 regina
648 3037 710 3086 312
734 3032 738 3099 1
756 3035 849 3086 eiures
867 3054 915 3089 om.
935 3041 1002 3092 313
1020 3044 1067 3092 cir·

153 3101 209 3149 cuit
226 3117 324 3165 eprcer.
345 3105 362 3153 l.
383 3104 466 3154 diruit
483 3105 504 3154 0
519 3102 531 3170 Η
552 3104 659 3154 NERO.
679 3121 700 3154 ω
720 3099 725 3168 Ι
754 3103 804 3155 837
823 3109 933 3156 tentum
951 3109 1068 3160 necess

150 3169 212 3219 1312
231 3173 318 3221 tenet.
333 3173 412 3237 neph.
430 3175 456 3223 V
471 3173 551 3223 nefas
564 3177 673 3221 tantum
686 3173 712 3222 A
724 3172 787 3222 313
799 3168 812 3238 ΙΙ
828 3174 880 3225 838
898 3177 968 3239 quid
980 3179 1042 3228 312
1055 3179 1067 3240 ΙΙ

150 3239 199 3290 839
218 3238 246 3286 in
265 3253 315 3288 uee
333 3242 397 3290 313
409 3237 421 3307 ΙΙ
432 3255 467 3291 ne
490 3243 514 3291 V
525 3236 598 3306 11840
617 3240 729 3290 funesta
746 3241 808 3291 312
819 3237 832 3308 ΙΙ
844 3242 905 3292 uiro
919 3245 985 3295 313
997 3241 1009 3311 ΙΙ
1021 3248 1066 3297 841

149 3308 222 3372 pulr1
240 3304 450 3373 31311841842
466 3316 526 3373 post
539 3326 561 3358 u.
575 3309 625 3359 846
644 3311 814 3360 conlocandos
830 3314 932 3374 putaui.
945 3308 957 3378 ΙΙ
973 3313 1025 3364 848
1042 3318 1068 3362 et

148 3375 198 3425 illa
217 3394 238 3427 ω
258 3377 359 3427 atille
376 3376 426 3428 Bo,
444 3374 456 3441 ΙΙ
480 3377 599 3426 subiecit
617 3377 641 3426 A
661 3375 762 3426 subicit
779 3379 843 3429 313
859 3380 885 3427 V
896 3381 964 3430 Pau.
986 3377 992 3447 Ι
1020 3383 1067 3432 845

150 3442 233 3494 dedet
250 3445 313 3495 313
330 3442 341 3511 ii
358 3447 407 3495 849
424 3446 505 3496 rictu
523 3447 554 3494 ci.
573 3445 627 3494 3Ρ,
647 3445 680 3507 cf.
699 3445 779 3497 Here.
799 3449 849 3496 695
871 3447 935 3514 Hy.
955 3453 979 3500 5.
1001 3446 1065 3511 {851

149 3508 842 3582 oemmCUSthcfflssissfflhmcRfflli
1148 3516 1159 3671 ἑ
