2326 3922
497 220 619 266 Munnn

96 371 125 422 te
140 365 200 433 inm
217 359 344 420 miseriis
359 358 500 436 angulum
517 377 552 418 ac
567 359 666 418 sedem
683 375 755 434 rogo

95 445 285 523 latebrasque
301 443 384 505 uiles.
415 443 489 503 urbe
506 446 530 504 si
546 443 616 522 pelli
631 442 727 520 placet

97 533 183 593 detur
198 537 331 590 remotus
346 526 450 605 aliquis
466 530 496 587 in
512 530 612 606 regnis
628 528 720 587 loeus.

87 619 89 630 '
140 629 194 676 cn.
219 613 285 674 Non
301 631 366 673 esse
381 631 429 673 me
444 614 495 690 qni
511 620 626 690 sceptra
644 611 790 672 uiolentus
806 630 904 690 geram

95 720 150 761 nec
168 700 218 778 qui
233 697 364 777 superbo
381 699 514 758 miserias
530 698 641 758 calcem
657 696 748 774 pede.

96 792 219 846 testatus
235 783 372 862 equidem
388 782 492 843 uideor
508 783 579 843 haut
595 782 674 842 elare
691 800 796 860 parum

95 887 275 947 generum
291 865 407 927 exulem
423 868 550 944 legendo
567 876 595 927 et
610 865 759 927 adflictum
775 874 804 927 et
819 870 901 944 graui

94 961 212 1015 terrore
228 951 368 1029 pauidum
384 955 493 1033 quippe
510 971 596 1029 quem
611 970 725 1031 poenae
741 954 850 1028 expetit

95 1039 216 1117 letoque
232 1040 355 1098 Acastus
370 1054 462 1115 regna
478 1037 634 1098 thessalica
651 1039 797 1115 optinens.

139 1124 229 1184 Senio
244 1128 421 1183 trementem
438 1121 527 1182 debili
543 1128 630 1200 atque
645 1139 720 1181 aeuo
737 1137 858 1196 grauem

93 1216 208 1288 patrem
225 1214 411 1285 peremptum
428 1208 562 1285 queritur
578 1212 607 1266 et
623 1207 700 1265 eaesi
715 1207 794 1266 senis

94 1294 215 1353 discissa
231 1291 381 1358 membra,
399 1310 465 1352 curn
482 1291 549 1351 dolo
567 1297 669 1369 captae
685 1298 736 1350 tuo

94 1379 159 1456 piae
175 1393 296 1437 sorores
310 1375 423 1452 inpium
439 1376 584 1436 auderent
600 1375 691 1434 nefas

135 1462 238 1522 Potest
253 1461 353 1528 lason,
370 1463 395 1520 si
410 1469 490 1521 tuam
507 1478 624 1520 causam
642 1477 782 1527 amonesr

93 1564 177 1606 suam
192 1547 285 1604 tueri:
310 1544 407 1605 nullus
423 1546 584 1605 innocuum
602 1561 692 1603 eruor

94 1629 320 1702 contaminarit,
338 1631 409 1690 aluit
424 1631 506 1690 lerro
521 1646 628 1689 manns

93 1715 258 1793 proculque
273 1722 374 1773 uestro
389 1733 514 1794 purusa
531 1720 617 1774 coetu
633 1715 723 1773 stetit.

136 1799 181 1859 Tu
196 1804 228 1858 tu
244 1795 389 1858 malorum
406 1799 653 1858 machinatrix
671 1797 896 1867 facinorum,

95 1886 140 1943 eui
157 1878 283 1943 feminea
299 1885 427 1961 nequitia
443 1883 479 1942 ad
496 1883 628 1945 audenda
646 1883 743 1940 omnia

94 1967 186 2028 robur
202 1967 288 2027 uirile
305 1975 363 2037 est,
380 1966 458 2029 nulla
473 1967 569 2028 famae
585 1968 741 2035 memoria,

95 2051 238 2129 egredere
253 2069 346 2130 purga
363 2070 454 2128 regna
470 2050 571 2112 letales
587 2051 673 2110 simul

94 2144 191 2196 teenm
206 2137 290 2207 aufer
305 2136 423 2198 herbas
455 2136 549 2198 libera
566 2138 647 2198 eines
662 2143 751 2196 metu.

95 2220 148 2282 alia
164 2221 272 2282 sedens
289 2220 394 2282 tellure
410 2221 531 2282 sollicita
548 2222 627 2281 deos.

135 2320 221 2366 nnn.
246 2305 410 2384 Profugere
426 2306 524 2384 cogis?
547 2305 638 2366 redde
654 2307 778 2381 fugienti
794 2313 887 2364 ratem

96 2389 142 2451 uel
157 2390 273 2451 redde
290 2393 472 2450 comitem.
505 2391 607 2469 lugere
623 2408 676 2450 eur
692 2389 784 2450 solam
802 2390 904 2450 iubes?

96 2492 151 2535 non
167 2475 229 2536 sola
246 2477 324 2536 ueni.
355 2475 433 2536 bella
449 2478 473 2536 si
488 2477 595 2536 metuis
610 2477 685 2552 pati:

96 2566 250 2639 utrumque
266 2577 359 2638 regno
375 2559 461 2639 pelle.
496 2579 548 2620 cnr
564 2567 663 2619 sontes
680 2559 753 2619 dnos

96 2643 265 2722 distinguis?
288 2644 328 2706 illi
344 2645 424 2706 Pelia
440 2663 511 2704 non
528 2644 635 2704 nobis
652 2645 735 2703 iacet.

157 2866 208 2914 249
230 2869 306 2914 terra
329 2864 383 2913 hac
402 2864 426 2913 A
458 2868 560 2913 terram
579 2864 604 2912 E
623 2867 718 2913 terrae
738 2865 769 2914 ei.
790 2863 868 2914 Gron.
900 2864 1007 2913 teiam

96 2933 122 2980 ci.
138 2932 336 2997 Henneberper.
359 2928 372 2997 ss
385 2935 424 3008 ω56
442 2932 466 2980 Α
491 2947 525 2982 nc
543 2932 569 2981 E
591 2927 602 2996 ll
626 2933 675 2982 262
694 2931 830 2980 uiolenter
848 2931 872 2980 Α
901 2932 1007 2982 uiolen·

96 3036 132 3084 tus
144 3034 169 3083 a
190 3029 202 3100 p
222 3035 274 3085 555
292 3012 401 3084 aldred
420 3032 499 3096 (555,
513 3049 548 3084 ex
562 3032 689 3098 agereret)
708 3031 743 3081 Er
761 3029 773 3098 p
790 3033 840 3082 noo
859 3033 959 3098 quippe
979 3038 1006 3083 te

95 3115 117 3164 p.
132 3103 157 3151 A
177 3099 233 3165 qne
247 3117 276 3166 p.·
294 3101 319 3150 Ε
338 3103 438 3167 quippe
458 3116 550 3166 quem
568 3103 599 3150 ei.
615 3101 695 3152 tiron.
711 3096 723 3166 ll
740 3101 790 3150 260
807 3099 930 3151 diseisea
949 3103 973 3151 E
993 3103 1005 3166 ΙΙ

96 3173 187 3235 coepte
205 3168 232 3219 Ε
259 3164 272 3235 [l
301 3170 351 3220 266
373 3183 542 3235 prorsusque
561 3185 579 3218 α
608 3166 620 3234 ΙΙ
648 3169 698 3218 266
717 3168 766 3218 sed
784 3172 813 3217 tu
832 3168 1006 3219 malornmA

94 3235 290 3290 TVTVMAL··
310 3238 399 3288 Reaer.
420 3242 450 3287 tu
467 3241 497 3287 tu
515 3237 646 3289 malorum
666 3235 691 3284 Ε
713 3232 725 3303 [l
748 3237 798 3286 267
820 3236 943 3286 feminea
962 3237 1008 3284 oni

92 3306 119 3353 ei.
135 3304 188 3356 Bo.
209 3305 340 3356 feminae
359 3309 390 3356 ei.
409 3307 473 3357 ΕΡ.
486 3301 498 3372 ΙΙ
516 3305 669 3357 audendum
688 3305 713 3354 A
743 3304 870 3354 audenda
888 3304 913 3353 Ε
930 3300 941 3368 ΙΙ
957 3304 1006 3352 268

91 3372 165 3423 uirile
183 3372 269 3424 robur
287 3374 311 3424 A
337 3373 462 3424 ROBVR
478 3373 605 3425 VIRILE
623 3373 691 3423 EST
710 3374 800 3425 Rescr.
824 3371 906 3420 robur
924 3369 1004 3418 uirile

91 3444 130 3491 eor
146 3440 174 3491 Ε
201 3436 216 3506 ΙΙ
242 3434 377 3492 memoria
396 3447 439 3491 est
456 3458 475 3491 α
504 3443 583 3492 uerba
602 3441 678 3491 nulla
697 3442 789 3491 famae
808 3439 939 3488 memoria
956 3437 1004 3487 565

87 3522 151 3560 rana
167 3505 328 3575 potonem
345 3509 435 3575 pelias
453 3509 479 3558 Ε
497 3509 577 3559 Pelio
596 3512 620 3560 A
644 3505 656 3576 ΙΙ
