2326 3922
445 184 645 233 PRAEFATIO
957 187 1024 235 XIII

67 362 141 402 uero
164 352 227 400 aute
249 344 395 400 Frontonis
418 353 534 400 aetatem
554 347 646 419 potuit
666 345 758 402 scribi.
797 346 863 401 Nam
879 362 940 401 cnm
964 345 1022 403 aliis

69 428 363 505 argumentisVaterus
373 429 459 500 (misc.
472 430 532 486 crit.
545 430 639 488 iason
651 430 765 487 iniuhni
775 431 862 486 annai.
875 431 941 504 phil.
949 447 1022 488 v1111

69 516 156 572 1853
173 533 200 588 p.
212 513 273 571 588
287 514 358 587 sqq.)
375 523 403 570 et
417 516 550 570 Brauuius
565 513 595 586 (Ι.
611 515 628 570 l.
645 533 673 588 p.
684 515 723 572 56
737 514 771 588 s.)
787 516 928 578 euicerint,
945 533 1023 589 prae·

66 609 163 657 textae
175 608 313 655 auctorem
325 616 379 655 non
391 617 477 671 paruo
492 601 622 673 temporis
638 600 784 657 interuallo
796 600 830 656 ab
842 610 930 656 aetate
939 601 1023 657 Nero·

66 688 152 741 niana
174 684 290 746 distare,
314 692 371 739 turn
389 693 420 739 ut
435 684 587 740 reseramus
607 691 670 757 post
691 701 753 740 eum
776 687 823 758 qui
839 685 981 741 Herculem
997 702 1022 741 11

67 770 197 843 scripsit,
226 770 346 825 rationes
370 771 498 826 metricae
526 769 670 825 adducunt.
716 770 749 824 Vt
771 786 837 825 uero
866 770 1022 826 adcuratius

67 854 200 911 Octauiae
212 862 328 910 aetatem
340 853 508 916 definiamus,
526 869 559 908 ne
572 871 587 909 a
598 870 664 909 uero
678 855 759 909 nimis
770 855 852 926 longe
864 854 1022 910 aberremus

67 955 129 995 non
144 955 271 994 ueremur
287 940 310 994 si
325 940 383 1011 pari
399 939 457 994 iere
474 938 621 994 interuallo
638 938 698 994 eius
714 947 852 996 auctorem
868 941 1022 995 seiunctum

67 1039 134 1080 esse
149 1023 265 1079 dicimus
280 1040 295 1078 a
310 1023 456 1080 Frontonis
473 1031 500 1078 et
516 1040 531 1077 a
545 1024 623 1078 Boeti
640 1024 759 1080 saeculo.
790 1023 890 1079 Rerum
905 1025 976 1078 enim
993 1024 1020 1078 in

67 1109 123 1164 hac
136 1108 276 1182 tragoedia
292 1115 470 1164 tractatarum
482 1116 591 1180 praeter
602 1107 721 1163 Senecae
737 1107 821 1164 libros
839 1125 907 1181 quos
924 1108 957 1162 de
969 1108 1023 1163 cle·

67 1193 174 1249 mentia
191 1193 222 1247 ad
237 1193 372 1248 Neronem
388 1194 498 1266 sempsit
513 1192 575 1249 tons
591 1199 633 1248 est
648 1194 793 1265 primarius
809 1193 928 1258 Tacitus,
944 1194 1023 1248 cuins

70 1277 161 1333 studia
176 1286 322 1350 postquam
338 1277 384 1333 diu
407 1280 513 1333 iacuere
529 1279 692 1332 resuscitata
707 1293 767 1333 esse
788 1285 886 1349 quartu
904 1276 1023 1338 saeculo,

71 1369 240 1417 auctorent
266 1362 376 1417 uidetur
404 1361 497 1418 Tacito
521 1362 650 1422 Caesare,
680 1361 813 1434 Vopiscus
840 1360 1022 1434 Hieronymus

71 1445 186 1501 Orosius
207 1454 352 1502 testantur.
398 1445 466 1513 Quid
488 1448 574 1520 igitur
594 1445 699 1518 inpedit
720 1446 866 1518 quominus
888 1445 940 1501 hoc
961 1447 1022 1518 ipso
1087 1442 1089 1446 ⁴

68 1530 180 1587 saeculo
197 1531 335 1589 Octauiam
353 1532 484 1605 scriptam
500 1547 561 1586 esse
576 1530 655 1586 nobis
671 1530 902 1604 persuadeamus?
930 1529 1022 1585 Eidem

66 1631 140 1671 nero
162 1615 273 1672 saeculo
295 1616 417 1690 uulgaris
441 1617 609 1672 recensionis
632 1615 764 1688 originem
786 1614 878 1670 deberi
909 1615 1023 1671 arbitra·

67 1717 141 1754 mur.
186 1699 259 1768 Quae
281 1710 311 1756 nt
331 1710 397 1773 post
417 1701 540 1757 Lactanti
565 1701 609 1755 uel
632 1700 710 1756 Serui
733 1707 848 1756 aetatem
870 1699 940 1755 facta
962 1715 1023 1754 esse

68 1787 183 1857 nequit,
199 1785 338 1859 itamuitu
355 1795 420 1859 post
435 1786 461 1841 id
478 1794 585 1858 tempus
602 1802 655 1857 quo
672 1787 700 1840 E
714 1786 882 1840 recensIonis
898 1785 1023 1857 archety-

67 1887 123 1942 pus
139 1877 265 1925 exaratus
280 1878 324 1925 est
346 1887 405 1926 earu
421 1879 509 1927 ortam
532 1886 592 1925 esse
608 1871 670 1926 inde
692 1868 847 1926 necessario
863 1868 1022 1941 conligitnr,

66 1954 145 2028 qnod
161 1955 271 2011 chartae
292 1954 353 2010 illae
369 1955 579 2028 tragoediarum
596 1972 656 2010 curn
673 1956 698 2009 Α
713 1955 840 2011 librarius
862 1971 906 2010 eas
922 1952 1024 2009 descri-

68 2039 142 2113 psit,
172 2039 261 2095 multu
289 2038 462 2112 grauioribus
483 2040 588 2095 damnis
615 2039 726 2096 affectae
754 2048 831 2096 erant
859 2038 903 2110 (u.
926 2036 1023 2110 intra),

70 2139 153 2197 quam
170 2123 271 2196 quibus
287 2124 382 2179 librari
397 2125 426 2178 E
440 2133 529 2180 aetate
544 2123 714 2181 laborabant.
753 2123 842 2191 Quare
858 2141 919 2179 cuna
934 2138 1024 2196 neque

69 2216 134 2280 post
155 2215 262 2283 sertum
284 2206 328 2263 uel
350 2211 444 2281 potius
466 2210 610 2281 quintum,
642 2226 732 2281 neque
754 2217 816 2264 ante
838 2208 953 2263 alterurn
976 2207 1023 2261 sed

71 2292 211 2365 aliquanto
225 2300 290 2366 post
303 2293 371 2348 iacta
388 2308 449 2348 csse
464 2311 519 2349 non
531 2295 621 2367 possit
631 2293 781 2354 non-credi,
799 2301 897 2363 quarto
913 2290 1024 2345 uidetur

70 2377 216 2433 tribuenda
233 2394 294 2433 esse
310 2378 434 2440 saeculo,
462 2395 517 2451 quo
539 2380 600 2450 ipso
617 2377 735 2433 Senecae
751 2374 908 2449 philosophi
930 2381 1023 2430 aucto-

72 2461 181 2518 ritatem
205 2479 256 2535 per
270 2462 439 2518 Lactantinm
455 2462 650 2535 Hieronymum
665 2462 847 2533 Augustinum
868 2460 1024 2514 restitutam

71 2562 131 2601 esse
152 2555 272 2603 constat.
311 2547 413 2615 Quodsi
429 2547 541 2603 Octqua
557 2546 638 2618 paulo
662 2554 725 2602 ante
740 2544 911 2601 recensionis
927 2543 1024 2615 uolga-

70 2633 108 2685 ris
125 2633 262 2705 originem
278 2635 420 2706 conposita
443 2642 499 2695 est,
527 2631 622 2705 quidni
644 2631 718 2688 illam
741 2630 774 2686 ab
795 2630 952 2686 initiorum
973 2629 1024 2685 lrac

69 2715 209 2772 coaluisse
231 2717 376 2790 putemus?
411 2717 495 2774 Immo
517 2717 585 2772 haec
609 2717 701 2790 opinio
726 2732 756 2771 ea
778 2732 807 2770 re
828 2731 888 2771 curn
910 2714 1023 2769 maxime

67 2801 274 2873 conprobatur,
306 2802 379 2873 quod
406 2819 437 2857 en
464 2801 590 2858 omnibus
617 2818 735 2873 quorum
763 2800 872 2874 quidem
898 2798 1024 2853 notitiam

67 2883 204 2940 habemus
226 2884 271 2956 (et
290 2900 438 2960 permagna
460 2895 503 2941 est
526 2884 621 2958 copia)
644 2886 813 2942 recensionis
836 2884 861 2938 Α
883 2882 1023 2938 codicibus

69 2984 104 3023 ue
127 2985 199 3024 uuus
223 2968 332 3042 quidem
352 2979 492 3044 praetexta
514 2978 590 3025 caret
612 2978 639 3024 et
655 2987 749 3026 omnes
775 2985 833 3024 earn
849 2985 904 3024 non
925 2968 1022 3023 ultimo

69 3053 117 3109 sed
133 3054 304 3126 paenultimo
325 3055 386 3110 loco
408 3056 516 3111 habent.
549 3052 698 3129 Quodque
721 3061 801 3128 pacto
817 3052 876 3108 fieri
898 3052 1023 3126 potuisse

66 3138 165 3195 credes
187 3140 241 3194 nisi
268 3137 356 3195 abeo
379 3142 423 3213 qui
448 3140 628 3213 archetypum
648 3139 781 3196 librorum
802 3138 972 3194 recensionis
997 3137 1023 3192 Α

70 3279 278 3287 ----

66 3357 90 3408 6,
108 3359 154 3406 20.
190 3357 224 3405 In
243 3361 365 3406 aetatum
382 3356 569 3420 descriptione
587 3355 699 3405 Boetius
719 3352 809 3418 (115)
827 3369 882 3403 non
900 3351 1024 3414 sequitur

66 3423 129 3474 Oct.
146 3425 198 3474 408
213 3439 273 3488 sqq.
291 3424 341 3474 sed
357 3423 437 3474 Ouid.
455 3425 492 3476 M.
509 3424 568 3475 189
581 3439 638 3489 sqq.
658 3427 685 3473 et
703 3422 765 3474 Seu.
778 3420 883 3472 Phaed.
897 3421 946 3470 533
959 3433 1019 3484 sqq.

66 3491 109 3543 De
124 3491 284 3542 Claudiano
297 3508 323 3546 u.
337 3496 393 3546 not.
408 3493 576 3558 adp.i⁷1111.
