2326 3922
505 217 685 267 rannerus
1011 208 1052 273 75

139 359 309 437 uultumque
324 366 426 421 uersat
440 377 531 439 seque
546 360 578 417 in
593 360 707 419 incerto
723 366 811 420 tenet.

111 437 129 494 ε’
178 458 258 504 aar.
283 444 358 516 Quid
375 444 495 505 anime
511 443 664 522 pendes„
681 444 790 523 quidne
806 445 961 507 consilium
977 448 1027 509 diu

140 533 193 588 um
209 527 294 589 iacile
311 528 451 606 torques?
465 527 557 588 rebus
571 529 779 589 incertissimis

133 611 218 692 *tratri
233 621 322 691 atque
337 630 430 690 regno
446 613 549 673 credis
559 630 593 673 ac
609 615 716 673 metuis
730 611 807 673 mala
1067 636 1119 686 425

136 697 189 758 iam
206 699 301 765 uicta,
318 700 376 758 iam
392 705 545 758 mansueta
561 703 589 757 et
604 715 761 757 aerumnas
778 697 855 776 iugis

135 781 210 843 bene
224 781 400 843 collocatas?
422 799 488 842 esse
502 784 559 842 iarn
575 783 716 842 miserum
733 785 823 843 iuuat.

134 868 255 928 reflecte
270 884 406 944 gressum
423 866 493 927 dum
508 867 578 927 iicet
592 872 685 946 teque·
697 868 788 944 eripe.

104 964 120 1016 d
177 965 281 1012 rann.
306 952 388 1024 Quae
403 968 491 1013 causa
507 952 586 1029 cogit
600 953 716 1029 genitor
732 970 748 1012 a
765 953 858 1028 patria
875 953 998 1032 gradum

131 1037 247 1097 referre
263 1038 345 1097 uisa?
361 1053 415 1097 cur
428 1035 517 1096 bonis
531 1037 619 1096 tantis
633 1037 730 1096 sinum
1066 1059 1118 1108 430

132 1121 292 1182 subducis?
314 1121 360 1182 ira
374 1121 494 1182 irater
510 1120 716 1182 abiectaredit

131 1215 309 1284 partemque
324 1207 411 1284 regni
426 1205 524 1267 reddit
541 1212 570 1266 et
584 1204 700 1266 lacerae
716 1205 821 1265 domus

131 1292 276 1368 conponit
291 1298 375 1352 artus
390 1298 478 1368 teque
494 1290 622 1350 restituit
636 1288 699 1349 tibi.

97 1403 112 1436 c
174 1389 257 1435 THY.
283 1375 405 1436 Causam
421 1377 536 1436 timoris
550 1375 614 1452 ipse
629 1392 718 1454 quam
733 1375 839 1452 ignoro
856 1376 957 1454 exigis.

130 1459 204 1519 nihii
219 1459 383 1520 timendum
399 1459 503 1530 uideo,
520 1459 572 1520 sed
587 1460 677 1521 timeo
692 1468 803 1520 tamen.
1068 1482 1118 1532 435

129 1544 228 1622 placet
242 1546 302 1615 ire,
319 1545 411 1623 pigris
426 1543 560 1605 membra
576 1543 628 1604 sed
643 1542 780 1621 genubus
794 1543 896 1606 labant

130 1628 250 1708 alioque
266 1647 354 1708 quam
369 1647 429 1710 quo
444 1630 524 1689 nitor
539 1627 684 1689 abductus
699 1629 791 1689 feror.

130 1715 173 1773 sie
189 1714 367 1775 concitatam
381 1715 494 1791 remige
511 1720 540 1773 et
554 1711 622 1773 uelo
638 1720 733 1774 ratem

128 1807 228 1858 aestus
244 1800 386 1860 resistens
400 1799 508 1876 remigi
524 1806 554 1858 et
568 1796 637 1858 ueio
653 1798 756 1858 refert.

90 1884 114 1941 α’
170 1897 276 1943 Tuum.
300 1883 411 1945 Euince
427 1882 568 1962 quicquid
582 1880 679 1942 obstat
694 1891 723 1943 et
737 1889 867 1944 mentem
882 1884 997 1963 inpedit
1064 1905 1114 1953 tto

129 1967 455 2047 reducemqueqnanta
470 1968 603 2045 praemia
620 1973 778 2045 expectent
792 1969 872 2029 uide.

130 2061 225 2129 pater,
243 2061 328 2131 potes
344 2070 488 2132 regnare.

130 2151 210 2198 THY.
508 2154 576 2196 cum
592 2137 702 2212 possim
716 2139 801 2197 mori.

130 2239 244 2281 summa
262 2228 307 2281 est
320 2228 449 2300 potestas
464 2220 544 2282 nulla
560 2222 585 2282 si
601 2221 703 2299 cupias
718 2221 801 2281 nihii.

132 2320 235 2365 naar.
260 2308 357 2383 gnatis
372 2305 533 2386 relinques.

131 2404 211 2450 Tau.
559 2406 619 2449 non
635 2389 713 2467 capit
727 2406 854 2466 regnum
871 2391 954 2452 duos.

130 2489 234 2534 rtur.
258 2475 349 2535 miser
365 2493 430 2537 esse
445 2473 558 2536 mauult
573 2491 637 2534 esse
654 2476 705 2552 qui
719 2474 790 2536 felix
806 2477 920 2554 potest?
1061 2495 1111 2544 445

97 2592 110 2625 e
173 2573 255 2619 rur.
277 2558 347 2620 Mihi
362 2560 466 2628 crede,
482 2558 564 2621 falsis
578 2576 684 2636 magna
699 2560 868 2620 nominibus
882 2560 1015 2639 placent,

130 2645 241 2704 trustra
257 2646 400 2706 timentur
416 2644 499 2705 dura.
529 2644 599 2705 dum
616 2641 751 2704 excelsus
766 2647 841 2714 steti,

129 2746 291 2808 numquam
307 2748 418 2808 pauore
434 2729 532 2790 destiti
547 2736 636 2806 atque
651 2729 749 2805 ipsum
766 2731 826 2790 mei

130 2813 242 2874 serrum
257 2815 363 2875 timere
378 2813 488 2874 lateris.
519 2832 536 2874 o
553 2819 695 2891 quantum
711 2811 824 2874 bonum
840 2821 883 2875 est
931 2829 936 2841 ·

130 2899 250 2959 obstare
266 2896 348 2960 nulii.
379 2894 504 2983 [capere
517 2914 643 2959 securos
658 2900 752 2974 dapes
1063 2918 1115 2967 450

129 2984 214 3043 dumi
228 2979 402 3066 iacentem]
436 2982 549 3044 scelera
565 3000 624 3042 non
639 2983 751 3043 intrant
767 3001 849 3044 casas
1010 2975 1015 2986 ’

195 3155 248 3204 428
266 3152 384 3203 deflecte
396 3153 422 3203 A
445 3154 530 3206 reite
557 3149 569 3216 ΙΙ
595 3153 646 3201 436
664 3151 842 3215 subgenubns
854 3152 881 3202 E
903 3148 952 3203 sed
970 3156 1047 3220 geni-

130 3219 179 3268 bus
192 3221 218 3270 Α
241 3215 254 3287 ΙΙ
276 3221 328 3272 438
345 3226 430 3270 uento
444 3221 469 3270 A
491 3219 555 3270 nelo
574 3232 588 3269 ε
610 3215 622 3284 il
644 3221 695 3269 439
712 3229 895 3286 resurgensp
913 3222 1047 3272 resistens

130 3300 162 3336 αε
185 3283 199 3352 ss
220 3289 272 3338 440
289 3291 424 3353 pernince
437 3289 463 3337 Α
487 3288 584 3337 enince
601 3287 626 3336 E
648 3287 730 3336 uince
748 3288 810 3337 ltro
833 3285 845 3354 ΙΙ
871 3289 922 3338 443
940 3289 1046 3340 ΤΑΝΤ.

130 3353 209 3419 (Phy.
221 3356 260 3417 A)
279 3371 386 3406 summa
404 3362 446 3406 est
463 3359 598 3422 potestas.
620 3355 704 3403 THY.
722 3355 800 3404 nulia
818 3371 840 3404 s.
855 3371 879 3404 c.
892 3372 919 3406 n.
938 3371 959 3404 ω
980 3355 1047 3403 Tan·

129 3425 174 3471 tali
191 3430 217 3472 et
231 3424 359 3490 Thyestae
377 3426 478 3475 nomina
493 3425 594 3474 sustulit
607 3422 684 3471 NHs.
706 3418 720 3488 [l
741 3422 806 3472 450¹>
818 3425 879 3473 451·
896 3424 968 3478 eieci,
986 3438 1047 3473 con-

127 3490 190 3552 flata
212 3506 248 3541 ex
266 3494 304 3542 eis
322 3498 531 3558 praeceduntur.
561 3486 573 3556 ΙΙ
601 3492 650 3539 451
671 3505 766 3540 cunam
786 3506 804 3539 α
827 3504 908 3539 casas
926 3489 975 3554 Εψ
999 3487 1011 3556 1}
