2326 3922
425 179 623 229 PRAEFATIO
886 181 1003 227 XXXIII

17 403 25 423 ν
207 340 236 397 A.
258 339 361 396 Reacr.
757 341 787 396 E

15 416 25 507 J
124 419 170 476 716
183 441 242 497 quos
582 441 636 498 quo

180 510 247 566 sueni
509 533 515 544 =
583 509 682 564 suebae

178 594 308 668 hercyniis
581 592 719 667 hyrcauiis
735 591 781 664 (ψ)

115 674 162 733 721
177 679 282 735 dirusue
581 679 714 750 uirosque

113 760 233 821 74016116
581 760 635 818 11116
651 760 698 834 (ψ)

109 845 161 905 743
175 865 223 904 uos
237 863 338 922 precor
581 862 742 920 comprecor

66 964 168 1022 quarum
181 949 394 1005 differentiarum
410 947 449 1003 eis
464 947 510 1003 ubi
522 947 551 1002 E
563 945 694 1004 librarius
710 956 804 1022 aperte
816 956 912 1021 peccat
927 946 1003 1003 nulla

63 1041 102 1089 661
115 1035 259 1091 auctoritas
274 1032 348 1106 (213
365 1031 425 1088 218
442 1029 504 1087 244
521 1030 582 1089 704
599 1031 658 1089 712
677 1032 737 1090 716
755 1029 835 1104 721).

10 1168 35 1244 ’φ
118 1167 238 1228 codex
248 1164 564 1226 vindobonensis
579 1167 683 1222 inhibl.
697 1167 854 1241 inperialem
867 1167 1003 1223 6666616-

57 1256 101 1328 gio
113 1254 275 1310 lesuitarum
283 1251 399 1308 Vindob.
412 1251 558 1309 translatus
574 1251 688 1309 membr.
705 1268 857 1308 saecx1111
872 1251 931 1306 1611.
943 1250 1003 1306 154

54 1340 103 1395 foi.
123 1341 151 1394 in
164 1337 319 1394 Endiicheri
335 1338 415 1393 catal.
438 1338 507 1410 sign.
525 1330 659 1424 omnim
678 1336 752 1392 huuc
775 1337 802 1391 in
817 1334 909 1392 fronte
925 1352 1005 1408 prae·

55 1441 110 1497 sert
125 1440 249 1496 titulum:

116 1541 219 1613 Marcij.
234 1539 325 1612 Lueij:
341 1538 424 1611 tnej:
446 1539 548 1595 Senece
564 1537 757 1595 Cordubensis.
774 1557 803 1595 x.
821 1538 963 1613 Tragedie.
976 1533 1004 1610 *)

116 1624 258 1682 Hercules.
276 1623 394 1680 troades.
410 1623 548 1679 Phenissa.
564 1623 665 1679 Medea.
680 1624 793 1680 Phedra.
810 1623 938 1698 Edippus.

115 1713 287 1784 Agamenou.
303 1708 439 1764 Thiestes.
458 1707 597 1764 Hercules.
615 1707 735 1765 Octauia.
750 1708 827 1764 luno.

50 1802 132 1869 Alius
153 1813 182 1866 iu
204 1812 264 1884 ipso
286 1809 357 1865 libro
379 1816 422 1865 est
442 1808 595 1865 fabularum
618 1810 701 1872 ordo,
731 1809 780 1865 alia
797 1817 861 1865 sunt
875 1811 1005 1865 uomina:

51 1896 102 1953 161.
121 1897 140 1951 1
162 1895 243 1951 Herc.
259 1894 354 1949 furens
375 1894 395 1949 f.
411 1891 453 1952 20
475 1911 501 1948 u.
517 1892 619 1950 Phoen.
642 1894 659 1950 1.
678 1894 716 1950 29
739 1912 765 1951 ιι.
782 1893 861 1968 Hipp.
878 1893 897 1950 1.
915 1892 955 1951 46
978 1911 1005 1948 u.

52 1981 176 2055 Oedipus
193 1979 211 2035 1.
229 1979 267 2036 61
285 1996 307 2033 r.
325 1979 388 2035 Tro.
404 1977 424 2034 1.
442 1978 480 2036 77
498 1995 525 2033 u.
542 1978 608 2034 dled.
630 1978 650 2035 1.
668 1979 709 2036 90
723 1997 751 2035 u.
766 1981 816 2052 Ag.
833 1977 852 2034 1.
871 1978 930 2036 103
947 1977 1005 2034 061.

53 2066 73 2122 1.
92 2063 157 2121 114
179 2081 207 2119 ιι.
229 2063 295 2137 Thy.
312 2064 330 2119 1.
349 2062 408 2119 129
424 2079 446 2118 r.
462 2062 541 2119 Herc.
557 2061 615 2119 061.
650 2062 773 2119 Herculis
794 2063 896 2136 prioris
918 2062 1006 2136 dupli-

54 2166 112 2206 cem
142 2148 275 2205 habemus
305 2147 502 2203 conlationem:
533 2147 645 2204 alteram
671 2149 713 2204 Jo.
734 2147 848 2204 Vahleni
875 2149 1005 2220 auspiciis

56 2235 156 2291 iactam
172 2251 197 2289 a.
214 2233 240 2288 h.
258 2250 280 2287 s.
296 2248 389 2290 uv1111
405 2232 436 2287 ad
453 2231 494 2288 ed.
509 2231 581 2305 Bip.·‚
604 2233 716 2288 alteram
732 2232 835 2288 uostris
852 2231 1007 2304 sumptibus

58 2338 74 2376 a
88 2320 110 2374 J.
127 2319 246 2392 Hauptio
263 2335 285 2373 a.
300 2333 394 2374 uxum
408 2315 504 2409 Aldina
520 2317 638 2372 adhibita
654 2318 819 2372 institutam.

10 2434 16 2491 i
120 2433 421 2511 Behdigeranus
440 2434 552 2491 membr.
576 2437 648 2509 sign.
665 2435 683 2491 S
700 2451 712 2490 1
729 2435 755 2496 6,
776 2435 824 2492 11.
861 2433 936 2490 Folia
951 2451 1007 2490 non

10 2504 51 2569 pm
59 2529 199 2577 numerata
222 2522 435 2594 quinternioues
450 2518 579 2576 efficiunt.
616 2520 644 2574 ln
660 2519 769 2593 paginis
789 2518 831 2574 44
848 2533 946 2576 uersus
960 2520 1007 2576 ha·

10 2576 13 2665 4
60 2605 167 2662 beatur.
212 2605 349 2678 Gaiusque
374 2604 529 2677 tragoediae
556 2606 643 2677 prima
670 2605 749 2660 litera
776 2605 859 2678 picta.
903 2604 1006 2661 Desunt

10 2712 12 2739 ι
61 2697 220 2763 argumenta
241 2705 331 2763 neque
351 2688 503 2762 adscrtptae
525 2696 590 2744 sunt
609 2689 732 2762 glossae,
758 2689 803 2745 sed
828 2689 929 2744 addidit
949 2689 1010 2763 ipse

60 2773 186 2830 librarius
202 2776 229 2829 in
245 2791 300 2846 mg.
316 2774 428 2829 deutero
444 2774 534 2829 uarias
549 2771 682 2830 lectiones
704 2791 773 2848 quae
789 2791 843 2830 uon
859 2790 1007 2848 numquam
1069 2811 1071 2814 ψ

61 2876 119 2916 cum
147 2859 259 2931 optimis
284 2861 468 2915 consentiunt.
512 2857 666 2937 Adscripsit
693 2868 782 2914 tamen
810 2866 840 2914 et
867 2859 1007 2914 recentior

61 2959 156 2999 manus
177 2942 309 3017 quaedam
332 2943 419 2998 literis
440 2934 557 2998 minimis
578 2960 662 3016 supra
682 2959 802 2999 uersum.
850 2942 1005 3017 conpendia
1030 2992 1033 2997 ,

63 3028 213 3101 scripturae
229 3027 369 3085 rarissima
391 3035 456 3083 sunt
476 3045 527 3102 pro
556 3043 588 3084 eo
606 3037 739 3101 tempore.
784 3027 1008 3102 Subscriptiones

62 3111 229 3186 ungularum
252 3111 451 3186 tragoediarum
470 3113 497 3167 in
513 3112 687 3169 adnotatione
703 3113 907 3186 descripsimus.
946 3113 1009 3168 Tuti

70 3293 271 3303 ---.-.

126 3412 154 3477 ’1)
174 3412 314 3463 ‘Seneca’
332 3412 361 3461 in
378 3415 473 3462 nostra
492 3411 651 3464 conlatione
669 3413 811 3478 omissum,
830 3429 848 3463 x
865 3413 894 3460 in
911 3409 1006 3460 Endii-
1034 3436 1039 3440 -

64 3476 137 3529 elteri
150 3479 283 3544 catalogo
296 3478 482 3531 desideratur.

111 3577 238 3615 6666616
258 3578 341 3615 raro.
793 3585 809 3626 0
