2326 3922
322 190 504 239 nnnovnns
523 177 714 259 [onnanvs]
789 169 791 173 ’
910 175 971 239 441

55 332 195 410 stetitque
211 337 280 390 nato
295 348 389 408 paene
404 332 461 391 iam
478 329 583 391 similis
598 348 715 409 parens.

56 429 161 478 cnon.
180 413 314 476 nullasne
328 418 360 475 in
374 422 452 476 astra
469 416 548 476 misit
563 415 599 476 ad
616 433 742 493 superos
757 433 862 493 preces

56 517 182 562 arsurus
197 501 293 561 autin
308 506 376 560 uoto
392 501 524 579 respexit
539 500 659 560 louernl

56 599 152 646 unic.
169 585 259 645 iacuit
273 586 319 645 sui
334 602 458 646 securus
474 593 502 645 et
518 584 632 645 caelum
648 585 766 645 intuens

56 670 205 749 quaesiuit
221 667 331 739 oculis,
346 687 417 730 arce
433 687 470 729 an
487 688 522 729 ex
538 669 634 748 aliqua
649 675 734 748 pater

56 756 226 833 despiceret
240 753 332 815 illum.
363 762 426 814 tum
443 772 548 816 manus
564 754 687 815 tendens
702 755 756 814 ait:

56 843 264 918 ‘quacumque
278 846 363 918 parte
379 840 526 918 prospicis
542 846 642 898 natum
657 847 755 916 pater,

57 933 87 985 te
103 933 133 985 te
149 940 259 1002 precor
274 941 362 1002 quem
379 931 466 986 nocte
482 925 627 984 conmissa
645 924 708 984 dies

57 1010 204 1088 quaesiuit
219 1026 313 1077 unus,
329 1009 354 1070 si
371 1026 451 1072 meas
465 1008 568 1069 laudes
584 1009 661 1068 canit

58 1104 220 1172 utrumque
236 1092 349 1154 Phoebi
362 1092 434 1154 litus
450 1100 478 1154 et
494 1093 631 1172 Scythiae
646 1111 740 1171 genus

59 1186 91 1240 et
105 1179 202 1238 omnis
217 1177 326 1238 ardeus
342 1196 393 1238 ora
410 1195 499 1257 quam
516 1185 609 1237 torret
625 1177 702 1246 dies,

60 1265 86 1322 si
101 1281 175 1341 pace
191 1261 279 1323 tellus
294 1261 396 1339 plena,
412 1265 437 1322 si
453 1260 551 1323 nullae
567 1271 688 1340 gemunt

60 1346 152 1408 urbes
167 1365 223 1408 nec
240 1365 307 1408 aras
321 1349 418 1424 inpias
432 1349 588 1427 quisquam
605 1347 752 1426 inquinat,

59 1433 84 1492 si
100 1431 216 1493 scelera
232 1431 354 1493 desunt:
379 1433 513 1509 spiritum
531 1431 650 1492 admitte
666 1432 746 1491 hunc
762 1447 871 1508 precor

14 1531 22 1545 ·
59 1519 88 1577 in
105 1526 193 1580 astra.
226 1534 285 1575 non
300 1535 348 1577 me
363 1518 468 1576 mortis
483 1517 618 1577 internae
633 1514 717 1576 locus

60 1620 117 1663 nec
132 1607 244 1662 maesta
260 1602 337 1679 nigri
352 1619 444 1679 regna
461 1608 633 1662 conterrent
648 1601 741 1669 louis,

61 1686 113 1747 sed
131 1687 175 1746 ire
191 1686 227 1746 ad
245 1683 311 1746 illos
325 1684 430 1746 umbra
448 1704 522 1764 quos
538 1687 597 1746 uici
613 1685 684 1745 deos

59 1779 146 1848 pater
162 1769 318 1831 erubesco.
349 1750 429 1831 nithe
446 1770 575 1830 discussa
592 1770 670 1830 diem

59 1855 175 1934 pande,
193 1861 224 1914 ut
239 1853 363 1916 deorum
379 1853 478 1916 uoltus
493 1855 646 1916 ardentem
663 1854 819 1915 Herculem

60 1947 184 2019 spectet.
215 1938 285 2000 licet
299 1948 330 2000 tu
346 1940 445 2001 sidera
461 1939 649 2001 otmundum
665 1957 772 2016 neges,

60 2023 140 2084 ultro
156 2031 256 2103 pater:
274 2042 392 2102 cogere.
423 2026 448 2084 si
464 2042 554 2085 uoces
570 2022 655 2084 dolor

60 2108 216 2170 abstulerit
230 2107 321 2170 ullas:
344 2108 441 2189 pande
456 2119 519 2169 tum
536 2109 645 2189 stygios
660 2107 742 2168 lacus

58 2222 265 2237 n———L

131 2276 379 2340 1694811111(111.
400 2275 463 2344 que)
484 2293 503 2328 oc
520 2293 573 2329 err.
592 2283 646 2343 tpp.
670 2272 681 2340 ll
706 2278 773 2328 1695
796 2277 831 2327 ad
849 2292 908 2342 sup.
928 2278 979 2327 εΑ

60 2351 110 2395 aut
129 2360 188 2410 sup.
207 2354 231 2409 ψ
249 2344 285 2410 (lt
295 2344 324 2411 p)
341 2342 352 2412 ll
369 2348 436 2397 1696
453 2345 572 2396 Arsurus
590 2361 636 2396 om.
656 2347 682 2396 Ε
697 2342 709 2412 l}
727 2347 792 2396 1700
816 2346 980 2395 desideratur

61 2413 85 2463 Ε
102 2409 115 2479 ΙΙ
134 2415 199 2464 1701
218 2413 259 2463 Te
278 2418 306 2463 te
325 2418 405 2479 pater
422 2414 448 2463 Ε
470 2415 528 2463 Iste
547 2417 589 2462 est
607 2418 687 2477 pater
705 2415 731 2463 A
754 2414 794 2463 Te
813 2419 841 2463 te
859 2427 981 2477 precor

58 2483 101 2531 uel
118 2481 159 2530 Te
179 2481 342 2546 deprecor
362 2481 415 2532 GR.
429 2477 441 2548 Η
459 2483 525 2532 true
544 2480 622 2530 cenis
639 2481 666 2531 Ε
685 2482 762 2532 canit
780 2483 806 2531 A
822 2477 835 2547 ll
852 2482 917 2531 1703
936 2481 979 2529 ab·
1075 2543 1077 2547 ‚

59 2556 99 2600 est
116 2549 143 2598 E
159 2545 172 2614 Π
187 2547 261 2599 letus
278 2549 303 2599 R
319 2545 332 2615 Η
348 2548 469 2613 Scythae
489 2566 507 2599 oc
524 2565 577 2600 err.
596 2555 650 2612 tpp.
662 2545 674 2616 ΙῙ
692 2551 757 2600 1704
776 2563 871 2598 emens
890 2563 937 2598 ore
956 2547 980 2596 E

60 2616 163 2666 ardens
177 2631 226 2666 ore
238 2617 264 2667 A
274 2615 288 2681 ΙΙ
301 2616 349 2682 qui
361 2617 386 2666 Ε
399 2632 480 2681 quam
493 2619 519 2668 A
531 2614 543 2684 ll
557 2617 623 2667 1705
634 2616 750 2682 Siparce
763 2617 789 2667 E
801 2615 830 2666 Si
842 2632 913 2682 pace
927 2617 952 2665 A
967 2616 979 2677 ll

58 2683 138 2734 mille
161 2692 186 2748 ψ
214 2680 227 2750 ΙΙ
256 2687 322 2736 1706
344 2685 455 2751 impius
479 2686 675 2750 chbelenpius.
705 2682 717 2752 ΙΙ
747 2686 813 2736 1707
837 2686 933 2735 amitte
956 2683 982 2732 E

61 2751 173 2802 admitti
185 2752 211 2803 A
230 2752 344 2803 admitte
359 2753 437 2805 Gran.
450 2749 462 2819 ΙΙ
473 2749 614 2817 111111ορ111
626 2752 652 2800 Ε
664 2752 738 2802 hune
750 2757 849 2819 pater
863 2754 915 2803 ult.
929 2754 981 2802 uid.

60 2820 97 2870 ud
106 2836 133 2872 u.
146 2821 212 2871 1701
225 2816 237 2886 ΙΙ
249 2822 315 2872 1708
326 2817 381 2871 rib*
398 2836 451 2871 nec
464 2821 490 2871 A
500 2817 513 2886 Π
525 2820 631 2870 noctis
643 2825 686 2871 uel
696 2823 784 2871 sortis
797 2821 872 2870 NHs.
886 2817 898 2886 ΙΙ
915 2821 981 2870 1709

61 2892 222 2938 conterrent
239 2889 292 2940 εΑ
315 2889 483 2939 conturbent
499 2889 570 2953 Moy.
590 2883 685 2952 111712
703 2889 807 2940 Parere
826 2889 943 2948 (Pacere
961 2894 980 2934 t.

61 2953 151 3020 NHo.)
170 2962 221 3006 atr.
234 2958 313 3006 minuc
325 2959 399 3022 cipro
410 2959 459 3006 ced
468 2973 500 3006 m.
512 2958 578 3006 cetis
589 2959 704 3022 antiqua.
719 2962 803 3021 primo
815 2957 925 3019 spatium
936 2971 981 3002 aa·

60 3039 132 3074 omen
141 3024 226 3088 fuisse
237 3025 339 3075 uidetur
353 3025 376 3073 E
393 3024 489 3073 Pande
502 3020 552 3088 Al]
567 3023 677 3088 uulgus
689 3029 730 3074 uel
741 3028 858 3073 coetus
871 3023 946 3072 NHc.
968 3021 980 3084 ΙΙ

60 3099 135 3142 ut-
144 3096 254 3156 spectet
265 3107 312 3145 om.
328 3093 350 3143 G
361 3088 373 3158 ΙΙ
390 3091 536 3143 1713111111
548 3107 594 3142 om.
607 3092 633 3140 Ε
644 3087 656 3158 Η
674 3093 741 3142 1714
752 3091 830 3140 Vltro
841 3095 922 3155 pater
934 3105 982 3140 om.

60 3160 111 3211 sed
126 3166 187 3210 acte
205 3174 307 3226 cogere
323 3158 631 3265 spatiumsuacplumtgl
648 3163 782 3208 literarum
794 3155 924 3224 Ε111715
944 3163 981 3203 ab·

61 3282 150 3326 11111111
307 3278 408 3329 1111111
429 3294 520 3343 pange
542 3284 608 3329 tunc
630 3277 728 3342 stigios
749 3276 829 3327 lacus
850 3277 875 3326 Ε
901 3273 982 3340 (quae

60 3346 200 3399 minoribus
217 3348 300 3398 literis
315 3349 443 3412 descripsi
459 3355 518 3397 cunt
535 3347 687 3397 recentioris
702 3361 797 3394 munus.
825 3346 983 3409 peucetiam

62 3417 98 3468 ub
112 3431 149 3467 ex
162 3421 200 3479 11,
214 3430 306 3481 penge
319 3418 421 3466 uidetur
433 3416 550 3480 effecisse
563 3431 597 3465 ex
609 3412 715 3479 tange).
735 3412 881 3463 abstulerit
893 3411 982 3462 abesse

61 3491 173 3534 testatur
191 3482 267 3534 NHs.
286 3483 442 3535 Abstulerit
458 3482 540 3534 ullas.
558 3482 650 3550 pande
669 3487 727 3533 tum
746 3482 773 3534 A
791 3476 987 3548 1111111111
