2326 3922
146 223 210 289 380
338 294 341 297 ,
533 233 676 283 mcnnrr

148 394 238 454 rogos
254 378 283 436 in
299 377 371 436 istos
386 383 465 434 terra
481 380 641 451 consurget
655 391 765 452 parens

148 463 312 538 domusque
329 462 425 520 soceri
440 460 535 537 prima
552 465 580 518 et
595 456 723 518 aetolum
740 458 835 534 genus

148 553 297 607 sternetur
313 562 415 613 omne,
433 543 574 603 saraiam
591 542 702 602 dudum
719 560 753 602 ac
769 543 848 603 faces

149 634 177 691 in
193 639 221 691 te
238 630 386 697 ferentur,
404 627 550 687 uindicem
566 626 653 686 tellus
668 645 754 687 suum

148 715 286 776 defendet
302 715 407 774 omnis.
439 730 497 772 una
514 718 586 788 quot
600 729 712 789 poenas
728 710 831 772 dabis?

149 800 280 876 effugere
296 806 390 858 terras
406 795 495 857 erede
512 803 541 855 et
556 796 717 855 humanum
733 813 828 874 genus

148 892 177 944 te
194 901 295 962 posse,
314 882 425 942 fulmen
442 882 557 958 genitor
572 879 691 941 Alcidae
707 882 792 958 gerit.

148 970 204 1028 iam
222 969 279 1027 iam
296 969 425 1026 minaces
441 968 484 1025 ire
500 983 553 1042 per
568 963 682 1024 caelum
699 966 779 1026 laces

148 1058 249 1130 specta
265 1059 294 1110 et
309 1058 459 1110 tonantem
477 1049 597 1109 fulmine
613 1067 737 1110 excusso
753 1048 841 1109 diem.

149 1144 274 1194 mortem
292 1153 410 1212 quoque
427 1137 520 1212 ipsam
536 1151 624 1211 qnam
641 1141 727 1212 putas
743 1142 835 1194 tutam
851 1132 940 1194 time:
1091 1142 1136 1191 330

149 1219 316 1279 dominatur
333 1219 392 1278 illie
409 1226 532 1297 patruus
547 1216 666 1278 Alcidae
680 1219 731 1279 tui.

148 1322 338 1382 utrocumque
353 1321 460 1382 perges
476 1305 584 1363 misera
601 1311 742 1379 cognatos
758 1303 829 1364 dees

148 1389 193 1450 illr‘
208 1388 330 1448 uidebis.
805 1419 809 1424 ·

148 1486 269 1531 nnlnu.
371 1473 528 1531 maximum
546 1472 611 1532 fieri
626 1470 726 1532 scelus

150 1564 179 1616 et
194 1557 255 1632 ipsa
274 1556 381 1625 fateor,
399 1556 450 1615 sed
468 1555 551 1616 dolor
567 1556 631 1616 fieri
648 1555 737 1616 iubet.

148 1655 251 1700 uvas.
269 1642 406 1700 moriere.
1092 1647 1136 1697 335

149 1738 269 1784 Durnu.
447 1726 557 1784 moriar
572 1723 708 1784 Herculis
724 1741 830 1802 nempe
845 1723 952 1784 incluti

151 1810 280 1869 coniunx
297 1827 352 1868 nec
368 1808 444 1869 ullus
460 1817 547 1869 noete
564 1809 695 1870 discussa
711 1809 773 1870 dies

150 1893 270 1954 uiduam
287 1892 401 1953 notabit
417 1911 472 1953 nee
487 1911 572 1954 meos
587 1893 690 1971 paelex
708 1902 789 1954 toros

151 1980 264 2057 captiua
282 1979 387 2056 capiet.
420 1986 487 2037 ante
504 1977 539 2038 ab
557 1995 664 2038 occasu
680 1978 742 2038 dies

150 2073 304 2131 nascetur,
325 2063 411 2122 Indos
428 2070 496 2122 ante
512 2060 642 2138 glacialis
658 2061 742 2139 polus

150 2147 313 2225 Scythasue
329 2147 426 2225 tepida
443 2145 582 2206 Phoebus
599 2147 708 2206 inficiet
718 2155 788 2208 rota
1089 2153 1134 2203 340

150 2249 237 2310 quam
254 2251 300 2291 me
317 2231 449 2291 relictam
466 2229 612 2291 thessalae
627 2231 789 2310 adspiciant
805 2248 909 2291 nurus.

148 2335 215 2376 meo
231 2315 344 2393 iugales
360 2317 503 2390 sanguine
520 2317 687 2393 extinguam
704 2315 791 2376 laces.
859 2322 867 2334 “

149 2412 199 2461 aut
215 2410 316 2479 pereat
331 2407 381 2460 aut
396 2418 443 2460 me
459 2402 593 2477 perimat.
625 2399 703 2460 elisis
720 2400 789 2460 feris
990 2407 1135 2456 ntxxffl

150 2493 179 2544 et
195 2488 348 2562 coniugem
366 2485 461 2545 addat.
493 2486 571 2544 inter
588 2484 743 2545 herculeos
758 2483 827 2544 lieet

150 2587 197 2628 me
213 2589 330 2647 (petoque
346 2569 463 2629 labores
481 2576 631 2628 numeret:
656 2569 773 2629 Alcidae
789 2577 870 2629 tores
1089 2578 1135 2627 345

217 2840 265 2888 321
285 2838 378 2901 Angor
396 2839 494 2888 inistos
512 2839 538 2888 E
555 2839 646 2904 Rogas
664 2839 693 2887 in
711 2839 780 2889 istos
798 2840 824 2889 A
847 2835 859 2904 ΙΙ
881 2839 959 2889 lure‘s
979 2840 1005 2888 E
1022 2856 1070 2905 pa·

148 2921 210 2956 rens
228 2908 252 2954 A
265 2902 276 2970 ll
290 2907 339 2955 323
358 2905 504 2956 Sternetur
521 2923 610 2959 omne.
630 2921 698 2956 saxa
715 2908 772 2956 iam
790 2905 892 2956 dudum
912 2922 947 2956 ae
965 2909 1045 2958 faces
1065 2909 1070 2967 Ι

147 2975 208 3023 Inte
227 2975 367 3023 ferentur.
398 2974 536 3023 uindicem
555 2974 637 3024 tellus
656 2989 735 3024 suum
762 2973 765 3039 Ι
792 2975 946 3024 Defendet
964 2975 1070 3038 ErlEy

147 3042 223 3089 IPul.
235 3042 350 3089 Fabricii
361 3042 432 3091 liber.
452 3038 532 3103 (saxa
546 3043 562 3091 i.
577 3047 608 3092 et
619 3043 697 3092 faces
709 3042 766 3092 un?
785 3057 872 3091 saeua
893 3042 951 3090 iam
971 3043 1069 3092 dudum

147 3108 226 3156 faces
239 3108 417 3172 Fabricianum
439 3110 583 3159 Sternetur
595 3125 675 3159 omne
689 3147 694 3158 .
708 3124 771 3158 nam
789 3116 864 3158 tuum
878 3124 948 3174 gens
962 3111 1068 3160 Hercu·

147 3175 201 3224 lem
218 3175 220 3235 l
237 3175 379 3224 Defendit
398 3178 422 3226 A
443 3174 517 3239 (nam
536 3177 635 3226 dudum
654 3191 740 3242 genus
757 3176 908 3227 Herculem
929 3177 961 3238 G)
985 3174 998 3244 Ι]
1021 3178 1068 3228 325

146 3241 287 3292 Defendet
301 3257 314 3292 e
327 3244 496 3295 Fabricianus
505 3245 577 3310 Moy.
587 3247 654 3294 Pau.
666 3244 800 3295 Defendit
811 3245 836 3293 A
842 3260 859 3310 p
870 3240 883 3310 ΙΙ
895 3246 946 3295 329
960 3243 1066 3309 Specto

147 3311 223 3360 NHr.
236 3307 247 3375 Η
260 3314 309 3361 333
328 3311 390 3360 Illic
404 3329 425 3361 ω
443 3313 493 3362 Illi
509 3313 586 3363 Gron.
600 3309 610 3379 ll
623 3314 673 3363 335
691 3313 774 3362 NVN.
788 3311 813 3359 E
824 3308 836 3378 ll
848 3327 948 3376 nempe
963 3329 1010 3363 om.
1024 3308 1067 3373 ΕΙ

146 3380 196 3427 339
215 3380 293 3428 indos
313 3379 337 3427 E
350 3380 432 3429 Indis
446 3383 470 3430 A
484 3377 495 3446 Η
508 3381 633 3445 glatialis
651 3380 730 3446 polus
748 3379 814 3428 EM)
833 3377 990 3446 (glacialis)
1009 3379 1065 3444 gla-

146 3444 246 3522 eialnem
259 3448 389 3582 polnlmUA
402 3443 413 3512 ll
426 3451 476 3499 340
488 3449 594 3499 inficiet
605 3449 631 3498 E
644 3447 749 3498 afficiet
761 3449 787 3497 A
799 3443 811 3514 ΙΙ
822 3450 871 3498 341
882 3444 1064 3512 inspiciunt

143 3513 286 3577 aspiciant
