2326 3922
193 239 273 303 242·
472 254 503 300 u.
523 252 655 300 auuaar
673 251 829 300 sausoure

160 395 187 453 ε’
242 405 351 452 Actu.
375 392 411 450 m
426 410 485 452 nou
501 392 657 453 timebat
671 400 757 452 tuuc
774 400 841 452 tuus
857 391 953 453 latoor
969 386 1080 470 pareus

193 564 328 641 interque
346 561 452 621 caedes
467 562 609 621 Graeciae
624 568 711 639 atque
728 567 808 621 ustas
822 569 903 622 rates
945 613 951 625 .

193 649 293 725 segnis
308 645 424 707 iacebat
438 645 509 706 belli
525 652 554 705 et
569 664 720 705 arrnorum
737 647 883 706 inmemor

192 733 251 792 leui
269 749 407 791 canoram
425 730 587 791 uerberans
602 729 717 810 plectro
734 728 850 811 chelyn.
1128 745 1153 792 33

159 817 190 876 0⁰
234 830 360 875 PuuuH.
378 816 478 875 Tunc
493 833 617 892 magnus
629 814 739 875 Hector
754 833 837 876 arma
852 823 1048 878 contemnens
1064 826 1111 878 tua

193 910 297 961 cantus
312 899 432 960 Achillis
448 901 571 959 timuit
587 907 615 959 et
631 908 711 978 tanto
727 901 757 959 in
773 907 853 960 metu

192 985 347 1045 naualibus
363 1003 429 1062 pax
446 983 519 1043 alta
535 983 752 1044 thessalicis
767 985 829 1046 luit.

192 1083 301 1129 Accu.
326 1087 433 1146 nempe
450 1068 541 1128 isdem
558 1071 587 1127 in
604 1071 667 1129 istis
683 1067 855 1128 Thessali
870 1070 1028 1131 naualibus

190 1172 260 1233 pax
277 1152 350 1213 alta
367 1170 472 1213 rursus
488 1152 624 1214 Hectoris
639 1155 715 1231 patri
731 1153 795 1214 luit.
1127 1167 1153 1215 33

157 1351 174 1383 a
234 1336 361 1383 Puuuu.
386 1322 437 1383 Est
452 1323 552 1399 regis
568 1322 617 1383 alti
634 1323 808 1399 spiritum
824 1324 887 1401 regi
904 1323 985 1384 clare.

189 1410 298 1468 thu.
324 1425 377 1467 cur
394 1408 495 1467 dextra
511 1408 595 1483 regi
610 1408 785 1486 spiritum
801 1409 910 1486 eripuit
925 1410 993 1469 tual

158 1493 182 1553 η’
234 1505 361 1552 Ptuufl.
386 1493 510 1552 Mortem
526 1493 745 1553 misericors
766 1510 854 1570 saepe
869 1509 924 1570 pro
940 1495 1002 1552 uita
1020 1493 1107 1554 [labit.

191 1590 299 1637 Actu.
325 1585 354 1636 et
368 1595 447 1636 uuoc
464 1578 683 1637 misericors
699 1577 830 1653 uirgines
845 1576 932 1637 husto
949 1581 1047 1654 petis?

155 1690 171 1723 a
233 1675 358 1720 ruuuu.
382 1662 481 1722 iamne
497 1659 632 1721 inmolari
648 1662 779 1739 uirgines
794 1661 891 1720 credis
908 1662 1010 1722 netas?
1124 1674 1153 1721 sl

187 1760 295 1805 Actu.
319 1747 472 1823 praeferre
488 1747 614 1824 patriam
630 1744 731 1806 liberis
746 1763 848 1822 regem
865 1745 960 1806 decet.

155 1834 179 1891 a'
231 1844 357 1889 PYRRH.
382 1830 452 1890 Lex
468 1829 548 1891 nulla
565 1840 651 1906 capto
667 1831 761 1908 parcit
776 1837 826 1890 aut
843 1849 969 1908 poenam
986 1833 1105 1910 inpedit.

187 1927 296 1973 AGAM.
320 1915 398 1994 quod
416 1933 475 1974 uon
493 1923 573 1975 uelat
588 1913 660 1982 lex,
679 1914 735 1973 hoc
751 1923 831 1974 uetat
845 1915 908 1973 ficri
926 1917 1034 1992 pudor.

153 2000 185 2059 a''
229 2013 355 2058 Pusam
381 1999 594 2075 Quodcumque
610 1996 723 2058 libuit
744 1999 842 2059 lacere
859 1999 981 2065 uictori.
1005 2000 1103 2061 licet.

186 2096 295 2142 schor.
321 2085 472 2143 minimum
491 2084 575 2144 decet
590 2082 711 2143 libere
728 2085 778 2145 cui
791 2083 915 2143 multum
932 2083 1033 2146 licet.
1121 2096 1153 2142 su

152 2180 167 2228 o
230 2182 355 2225 Puuuu.
379 2169 431 2227 His
447 2171 500 2227 ista
516 2170 606 2228 iactas
623 2186 696 2244 quos
712 2167 815 2227 decem
831 2186 978 2238 annorum
996 2173 1079 2247 graui
1119 2185 1123 2193 ·

186 2271 279 2328 reguo
296 2252 432 2312 subactos
449 2253 580 2330 Pyrrhus
597 2251 723 2312 exsoluit
739 2253 825 2329 iugo?

151 2339 176 2396 b'
227 2351 335 2397 Accu.
360 2337 418 2396 Hos
434 2337 543 2415 Scyrus
559 2338 730 2397 animos...
1002 2392 1005 2397 .

184 2435 309 2481 eruum.
650 2420 766 2482 scelere*
778 2439 854 2499 quae
870 2423 996 2482 fratrum
1013 2432 1101 2485 caret.

184 2519 293 2566 AGAM.
332 2505 568 2566 inclusalluctu?

184 2604 309 2650 Pruuu.
602 2609 710 2668 nonme
727 2593 844 2666 cognati
861 2593 961 2652 maris.

149 2675 183 2732 b''
227 2676 324 2750 Aoum
328 2721 921 2736 ............
932 2712 935 2715 -
970 2726 976 2736 .

129 2831 138 2844 ·
182 2762 295 2838 Pyrrh.
320 2762 401 2819 Atrei
417 2767 446 2820 et
460 2759 605 2837 Thyestae
620 2759 748 2820 nobilem
766 2760 835 2819 noui
852 2760 983 2820 domum.
1119 2770 1153 2818 35<

148 2855 164 2903 b
226 2857 334 2904 AGAM.
373 2845 415 2904 Ex
432 2845 554 2919 uirginis
570 2852 712 2922 coucepte
729 2845 839 2904 lurtiuo
855 2851 973 2921 stupro,

182 2938 211 2989 et
227 2948 267 2988 ex
283 2928 430 2989 Achille
447 2938 513 2988 nate
530 2929 580 2988 sed
598 2930 728 2988 nondum
746 2929 810 2988 uiro

148 3017 173 3073 b'
225 3021 353 3072 Pulsum
375 3013 443 3074 lllo
466 3033 505 3072 ex
528 3011 673 3072 Achille
695 3030 805 3088 genere
822 3012 871 3090 qui
888 3013 1032 3074 mundum
1049 3033 1102 3076 suo

181 3115 302 3175 sparsus
318 3116 372 3175 per
388 3117 474 3158 omne
491 3097 626 3157 caelitum
643 3116 767 3175 reguum
785 3103 873 3158 tenet.

244 3343 305 3400 post
323 3353 346 3384 u.
360 3338 409 3385 327
429 3337 500 3384 circius
519 3351 606 3384 uersus
620 3338 732 3383 lacunam
745 3335 835 3382 statuit
851 3333 903 3382 GR.
917 3329 1102 3398 11328uastas

178 3401 225 3470 coll
242 3407 292 3455 334
310 3402 464 3453 thessaliE
482 3402 614 3452 thessalis
627 3404 650 3451 A
664 3399 675 3467 ΙΙ
692 3403 741 3452 339
760 3401 796 3448 ut
816 3400 839 3447 E
858 3402 894 3449 At
912 3402 934 3450 A
954 3399 1035 3469 [1348
1054 3405 1103 3469 Sy·

179 3487 225 3519 rus
244 3473 268 3520 E
287 3472 386 3535 Scyros
405 3471 430 3520 A
454 3467 465 3535 Η
485 3476 545 3534 post
569 3488 593 3520 u.
612 3472 661 3520 349
680 3470 874 3533 Ayamenrnonis
892 3473 1036 3522 orationem
1054 3489 1101 3523 ex*

179 3541 272 3589 cidisse
289 3541 433 3603 suspicatus
451 3556 474 3587 u.
494 3541 543 3588 350
561 3538 691 3587 PYRRH.
709 3539 807 3587 addidi.
821 3531 833 3602 ΙΙ
846 3540 897 3587 364
915 3553 1026 3589 omnem
1044 3556 1064 3590 α
1080 3537 1092 3607 ll
