2326 3922
465 197 627 246 uncinus

26 338 67 398 d'
130 339 194 400 lloc
209 338 264 400 luit
279 336 329 398 ille
345 338 458 398 uictore
474 340 548 415 capi.

79 425 192 486 discite
207 424 293 484 mites
307 421 482 483 Herculis
498 423 584 482 inas.

81 528 126 570 an
142 513 203 570 sola
219 507 337 588 placent
351 505 525 568 Herculis
541 508 643 567 armat

32 592 71 652 δ’
131 594 210 654 Iacet
226 600 293 654 ante
309 591 420 670 pedes
436 609 495 652 nen
512 593 607 651 minei·
625 591 673 651 ille

80 678 260 757 supplice
276 675 401 754 supplex
417 677 569 755 uitamque
585 674 665 753 petil.

82 781 213 842 regnum
229 763 349 831 Troiae,

82 844 680 928 quecumqueuoletlortunalenat.

36 1041 64 1076 a
132 1030 186 1075 vc.
211 1016 311 1076 Matris
326 1015 444 1093 quidem
459 1032 507 1074 me
522 1032 641 1075 maeror
657 1017 795 1076 attonitae
811 1027 927 1088 ineuet,

83 1103 181 1180 magis
196 1100 332 1177 pelasgae
346 1117 395 1160 me
409 1105 506 1159 tamen
523 1107 632 1159 matres
648 1108 783 1170 mouent,

81 1204 214 1266 quarum
229 1185 285 1246 iste
300 1200 422 1260 magnes
437 1185 543 1244 crescit
558 1186 586 1244 in
602 1183 699 1244 luctus
715 1202 800 1262 puer.

84 1284 195 1331 nune.
218 1270 271 1329 has
287 1269 339 1329 lias
354 1270 455 1328 ruinas
471 1267 553 1329 uehis
569 1269 598 1328 in
614 1270 744 1329 cinerem
761 1268 845 1328 datas

82 1357 137 1415 hic
153 1353 307 1415 excitabit?
330 1352 385 1414 hae
401 1371 505 1414 nianus
521 1353 668 1413 Troiam
685 1354 820 1430 erigent?
1028 1370 1078 1418 750

86 1439 186 1501 nullas
200 1438 290 1499 habet
305 1456 372 1515 spes
387 1437 492 1508 Traia,
510 1439 534 1497 si
549 1437 622 1499 tales
640 1437 738 1497 habet.

86 1543 150 1585 nen
166 1526 208 1584 sic
223 1525 353 1583 iacemus
368 1521 480 1591 Taces,-
494 1528 526 1583 ut
541 1524 676 1600 cuiqnam
695 1530 792 1583 metus

86 1610 384 1688 possimusesse.-
431 1661 454 1667 ,⁴

41 1692 76 1752 ε’
448 1691 574 1768 Spiritus
590 1695 705 1769 genitor
721 1693 790 1752 lacit
807 1726 847 1736 -
874 1749 882 1755 ,

84 1779 142 1841 sed
156 1795 263 1856 nempe
278 1777 398 1837 inactus.
428 1778 492 1853 ipse
507 1784 574 1856 post
589 1776 734 1862 Troiani
752 1786 837 1855 patei·

85 1866 235 1943 posuisset
250 1864 378 1932 animes,
395 1877 501 1937 magna
517 1878 592 1937 ques
607 1863 748 1938 frangunt
763 1861 850 1922 mala.
1027 1875 1077 1924 755

83 1951 112 2010 si
129 1965 224 2027 poena
241 1947 362 2024 petitur,
380 1964 454 2025 quiae
470 1947 531 2022 peti
546 1948 665 2022 grauior
682 1949 798 2025 petest?

84 2031 232 2093 famulare
248 2030 324 2092 celle
340 2029 431 2091 nobili
446 2030 551 2091 subeat
566 2032 681 2107 iugum,

83 2118 203 2178 seruire
217 2115 311 2176 liceat.
343 2114 447 2193 aliquis
463 2115 519 2175 hec
534 2116 597 2192 regi
614 2117 718 2191 negat?

84 2216 145 2262 vc.
169 2219 227 2260 nen
244 2200 301 2260 hoc
316 2200 427 2270 Vlixes,
445 2201 495 2260 sed
514 2207 600 2275 negat
615 2200 737 2261 Calchas
753 2200 814 2262 tibi.

45 2296 68 2344 b
133 2299 239 2346 Annia.
264 2285 487 2346 Omachinatcr
503 2284 613 2344 fraudis
630 2293 658 2344 et
672 2284 818 2346 scelerum
835 2287 942 2346 artilex
1028 2297 1078 2345 760

87 2372 235 2432 uirtute
253 2371 337 2430 cuius
352 2368 456 2429 bellica
472 2387 559 2429 neme
577 2369 693 2439 eccidit,

85 2455 165 2516 dolis
181 2463 211 2515 et
226 2461 290 2514 astu
307 2452 456 2514 maleficae
472 2455 579 2514 mentis
595 2455 691 2514 iacent

86 2542 180 2601 etiam
196 2539 326 2616 Pelasgi,
343 2546 441 2599 uatem
458 2546 487 2598 et
502 2539 633 2598 insontes
649 2539 721 2599 dees

88 2623 278 2703 praetendis?
303 2623 360 2683 hec
377 2632 421 2682 est
436 2624 565 2700 pectoris
582 2623 695 2683 lacinus
711 2624 770 2684 tui?

49 2707 79 2766 b'
136 2709 286 2769 Noctuine
302 2707 386 2768 miles
401 2707 485 2767 lentis
500 2709 530 2767 in
546 2710 630 2785 pueri
648 2727 750 2769 neceni
1030 2720 1079 2768 765
1156 2737 1160 2747 ·

87 2796 147 2853 iam
164 2792 246 2853 selus
262 2791 353 2852 audes
369 2791 480 2868 aliquid
497 2799 526 2852 et
542 2792 622 2852 clane
639 2793 694 2853 [lie.

88 2893 146 2937 vn.
170 2878 296 2938 uirtus
312 2875 402 2937 Vlixis
418 2877 553 2936 Danaidis
570 2885 638 2937 neta
657 2886 700 2939 est
715 2880 784 2937 satis

160 3213 839 3267 VLYSSES·ANDROMACHA·ASTYANAX
865 3218 888 3265 A
918 3233 964 3267 οηι.
989 3216 1014 3263 Ε

88 3285 161 3335 1310.
178 3279 191 3350 ΙΙ
207 3283 257 3333 746
274 3284 348 3334 VLI.
367 3300 414 3333 om.
435 3278 487 3348 All
505 3286 553 3333 749
572 3283 631 3332 Has
649 3282 700 3332 lies
719 3283 742 3331 E
761 3284 802 3332 An
821 3283 872 3332 has
891 3285 915 3332 A
935 3280 1014 3346 [1754

88 3353 200 3402 fractus
212 3349 238 3399 Ε
256 3354 364 3401 tractus
378 3351 402 3400 A
415 3346 427 3417 ll
439 3352 487 3402 767
501 3351 600 3400 subdet
612 3351 637 3399 E
656 3351 756 3400 subeat
770 3352 793 3399 A
806 3347 818 3415 ΙΙ
832 3351 880 3400 760
893 3357 971 3399 etse.
986 3349 1011 3398 E

84 3436 104 3471 o
124 3432 166 3472 sc.
187 3419 212 3469 A
235 3414 247 3485 ΙΙ
269 3419 320 3470 766
338 3435 353 3468 e
372 3419 491 3469 clarell
509 3424 537 3469 et
555 3418 589 3467 el.
608 3421 632 3468 A
657 3415 668 3486 ll
692 3420 741 3468 767
759 3418 858 3468 danais
877 3423 942 3466 nota
961 3417 1010 3480 Εψ

86 3490 161 3538 nota
176 3487 286 3537 Danais
305 3502 324 3536 α
341 3487 479 3537 Danaidis
496 3489 531 3552 p?
550 3487 707 3537 Heinsicnus
723 3491 805 3536 aleator
823 3503 853 3537 na.
871 3503 914 3550 pr.
938 3482 949 3551 ΙΙ

145 3570 371 3622 aexecat'nene.
773 3569 810 3631 17
