2326 3922
383 179 564 279 nuncnune
582 218 745 300 [nunnus]

119 380 291 450 maestusque
307 372 433 451 phrygio
449 373 593 432 manatio
609 370 709 449 Sipylo
725 371 812 450 lapis.

100 452 103 458 ’
124 452 195 539 luein
209 461 270 533 ipse
285 465 406 519 toruum
421 459 581 531 sedunens
595 462 690 517 cristo
705 466 801 533 ceput

128 545 229 617 illyrica
246 544 377 602 Cadmus
391 559 490 615 repon
500 559 680 617 permensus
691 542 785 616 fupu,

130 629 215 700 tenpus
227 630 351 702 reliquit
364 630 504 702 eorporis
519 629 612 687 trunti
627 621 740 708 notas.]

131 709 185 770 laec
197 720 222 771 te
236 719 354 770 manent
372 710 514 789 exempla.
551 710 745 770 dominare
762 709 889 780 utlibet,
913 750 916 755 Α

134 795 303 856 dumsolita
320 797 428 873 regni
445 795 563 855 latete
579 796 673 854 nostri
689 802 805 855 nocent.

102 886 129 945 kl
164 893 225 942 tre.
251 881 383 957 Agedum
402 879 537 940 efferatas
552 879 654 939 rabida
670 897 758 939 uoces
774 897 879 942 amone

136 972 156 1025 ct
167 964 229 1026 disce
243 984 346 1044 regum
363 966 487 1042 imperia
504 963 540 1023 ab
557 963 658 1023 Alcide
674 965 742 1040 pati.

135 1066 175 1126 ego
186 1059 256 1128 rapta
273 1051 407 1130 quamuis
422 1056 537 1128 sceptra
553 1049 668 1108 uictrici
684 1067 786 1127 geram

135 1134 210 1194 dextra
223 1152 381 1212 regamque
397 1141 501 1194 cuncta
519 1135 583 1192 sinc
598 1130 698 1209 legum
713 1140 793 1193 metu

135 1235 271 1295 qnasarma
287 1221 418 1289 uincunt,
435 1236 528 1295 pauca
543 1234 599 1295 pro
615 1235 702 1278 causa
717 1216 821 1296 loquar

135 1311 217 1365 nostra.

115 1399 123 1449 l
252 1389 381 1450 Cruento
397 1387 503 1448 cecidit
517 1386 546 1445 in
561 1384 640 1446 bello
656 1394 749 1463 pater,

134 1472 237 1533 cecidere
253 1474 368 1534 iratres.
398 1490 495 1534 arma
511 1489 570 1530 non
587 1478 707 1531 seruant
726 1471 845 1532 modum

134 1571 179 1613 nec
190 1558 334 1638 temperari
350 1556 435 1617 lacile
452 1574 506 1616 nec
521 1556 643 1631 reprimi
660 1563 758 1632 potest

132 1639 205 1700 stricti
217 1645 288 1704 ensis
303 1644 369 1702 ira.
398 1640 475 1701 bella
492 1639 617 1701 delectat
632 1658 732 1701 cruor.
751 1674 788 1684 -

133 1721 175 1781 sed
186 1724 222 1786 ille
234 1744 325 1804 regno
339 1745 396 1805 pro
412 1745 481 1793 suo,
498 1742 553 1785 nos
568 1724 694 1802 inproba

133 1809 241 1882 cupidine
255 1813 312 1872 acti
327 1847 368 1856 —
385 1811 537 1889 quaeritur
552 1808 622 1869 belli
639 1811 742 1878 exitus,

130 1908 273 1963 filiii-clusa.

99 1988 117 2047 ι’
312 1980 370 2042 Sed
386 1997 467 2039 nunc
482 1985 586 2056 pereat
600 1979 696 2038 omnis
710 1981 863 2055 memoria.

130 2078 184 2119 cun
196 2065 279 2126 uictor
294 2083 392 2126 arma
407 2065 522 2141 posuit,
540 2070 569 2124 et
583 2064 694 2124 uictum
711 2063 795 2124 decet

129 2144 251 2220 deponere
266 2151 361 2211 odia.
392 2166 451 2208 non
467 2158 500 2208 ut
514 2147 623 2207 inllexo
640 2165 718 2226 genn

127 2244 272 2303 regnantem
288 2235 395 2295 adores
410 2235 546 2311 petimus.
576 2232 633 2293 hoc
648 2234 744 2310 ipsum
761 2231 858 2309 piacet

125 2314 205 2375 anino
217 2321 313 2379 ruinas
329 2318 408 2398 qnod
424 2319 505 2394 capis
520 2334 626 2394 magno
643 2324 717 2377 tuae.
786 2357 788 2360 ι

125 2415 153 2460 es
166 2416 222 2478 rege
236 2406 362 2464 coniunx
378 2403 480 2479 digna:
496 2403 643 2461 sociemus
658 2409 750 2463 toros.
888 2403 892 2412 '

87 2521 109 2555 m
158 2497 224 2547 uuo.
252 2488 371 2551 Gelidus
386 2505 441 2566 per
457 2495 538 2547 artus
552 2486 634 2546 uadit
649 2486 791 2564 exanguis
805 2492 927 2547 tremor.

119 2570 185 2646 quod
197 2573 305 2632 lacinus
320 2586 408 2632 aures
423 2570 553 2649 pepulit?
574 2571 646 2631 hant
662 2571 798 2649 equidem
812 2571 918 2632 horrui

117 2671 253 2733 cumpace
268 2665 355 2735 rupta
370 2655 495 2716 bellicus
510 2673 612 2716 muros
628 2655 729 2732 lragor

115 2739 339 2803 circumsonaret.
368 2739 478 2820 pertuli
493 2740 683 2818 intrepide
699 2741 805 2800 omnia.
899 2769 904 2777 ·

101 2828 107 2847 ’
150 2822 295 2887 Thalamos
310 2834 506 2892 tremesco.
537 2833 620 2901 capta
637 2842 715 2884 nnnc
731 2824 836 2886 uideor
851 2825 932 2887 mihi.

111 2919 223 2985 granent
236 2921 356 2971 catenae
372 2926 481 2986 corpus
497 2916 526 2968 et
541 2907 627 2986 longa
644 2908 721 2968 lame

110 3011 179 3054 mors
194 2994 380 3073 protrahatur
395 2993 483 3054 lenta.
515 3010 574 3053 non
590 2995 690 3054 uincet
704 2992 792 3055 fidem

108 3077 214 3141 nisulla
229 3088 369 3140 nostram.
401 3078 512 3138 moriar
527 3077 627 3137 Alcide
642 3086 701 3140 tua.
1025 3096 1075 3145 425

162 3282 211 3332 395
227 3285 322 3332 mouet
338 3282 365 3332 V
384 3277 396 3347 ΙΙ
418 3282 554 3332 396-398
570 3283 662 3330 sustuli
675 3277 687 3347 ll
705 3283 755 3333 397
772 3281 880 3347 Illyria
894 3283 972 3334 Genu.
984 3277 996 3346 [Ι

101 3349 145 3399 398
161 3349 285 3414 reliquit)
302 3353 314 3398 t
330 3352 358 3399 in
374 3364 428 3399 roe.
447 3347 484 3398 E²
505 3345 517 3414 ΙΙ
540 3351 590 3399 399
608 3349 678 3400 libet
694 3352 741 3415 Vip
762 3349 841 3401 lubet
858 3351 899 3400 Αε
921 3345 933 3414 Η
955 3349 1005 3397 401

100 3415 252 3482 effrenatae)
272 3421 345 3468 enin
361 3433 416 3467 ras.
435 3416 471 3465 Ε2
493 3413 498 3484 Ι
528 3416 625 3480 rupida
647 3416 681 3467 V¹
708 3415 720 3484 Η
742 3417 839 3469 {moue
857 3433 892 3467 em
908 3413 1005 3467 emona

95 3484 185 3546 sactum
207 3487 234 3536 V
253 3481 266 3552 l]
292 3487 342 3536 402
360 3484 482 3551 patriE¹
510 3481 516 3552 Ι
538 3487 588 3536 425
605 3491 704 3536 nostre
722 3503 742 3536 α
763 3487 776 3552 ΙΙ

776 3566 821 3633 2*
