2326 3922
402 126 584 174 menovnns
602 112 792 194 [cerneus]
994 111 1057 175 413

292 265 380 327 undis
394 264 540 327 stantibus
555 267 701 325 inmemor
1061 274 1143 324 ·1080

293 352 421 412 excussit
435 349 568 410 rabidam
585 352 662 411 sitim

293 454 348 496 nec
363 437 459 514 pomis
475 435 595 495 adhibet
609 452 724 494 manus.

335 571 384 631 Sic
399 589 465 631 cum
481 569 627 648 linqueret
642 569 756 630 interos

293 653 429 733 Orpheus
444 657 574 715 carmine
590 663 775 731 temperans,

293 748 485 818 consumptos
500 741 607 800 iterum
624 739 696 799 deae

292 822 430 902 supplent
445 824 653 903 Eurydices
669 823 761 884 colus.

339 959 397 1019 Sed
414 959 484 1020 dum
500 960 622 1036 respicit
636 960 784 1019 inmemor

294 1060 350 1103 nec
365 1044 492 1104 credens
507 1043 564 1102 sibi
579 1042 725 1102 redditum

294 1127 463 1204 Orpheus
478 1128 690 1206 Eurydicen
706 1129 804 1203 sequi,

296 1220 399 1272 cantus
414 1214 545 1291 praemia
562 1212 703 1290 perdidit,

339 1348 441 1419 Quae
455 1355 541 1408 neta
558 1355 616 1407 est
630 1348 750 1416 iterum,
767 1348 855 1425 perit.

293 1440 364 1492 tunc
379 1431 521 1492 solumina
538 1431 673 1491 cantibus

293 1534 439 1594 quaerens
454 1515 601 1576 flebilibus
616 1516 712 1575 modis

294 1600 367 1662 haee
384 1600 430 1661 Or
437 1600 560 1680 pheus
575 1602 683 1660 cecinit
698 1600 795 1662 Getis:

336 1736 430 1813 Leges
446 1737 475 1796 in
492 1754 617 1814 superos
632 1735 715 1796 datas

294 1822 386 1898 etqui
402 1827 537 1898 tempora
553 1821 690 1898 digerens

294 1913 412 1983 quattor
427 1906 596 1984 praecipitis
612 1905 685 1964 deus

293 1991 362 2049 enni
378 1989 520 2066 disposuit
537 1990 635 2049 uices:

292 2290 365 2353 nulii
381 2310 439 2351 non
455 2294 532 2352 euidi
548 2293 631 2352 cuius

293 2378 402 2437 Parcas
417 2380 540 2437 stamina
556 2387 686 2438 nectere.

209 2532 274 2581 1081
293 2530 424 2580 Excessit
441 2530 467 2578 E
493 2531 625 2579 Excussit
643 2532 668 2580 A
695 2530 830 2580 Exclusit
848 2531 925 2581 NHc.
949 2528 961 2597 Η
984 2531 1058 2581 rabi-

135 2599 204 2650 dem
222 2597 283 2648 ΕΑ
306 2597 432 2661 rapidam
449 2607 473 2660 ψ
490 2594 502 2663 ΙΙ
520 2600 585 2649 1083
605 2598 652 2647 Sic
671 2613 732 2648 cum
750 2599 893 2663 inquirens
910 2600 1016 2650 inferos
1034 2600 1059 2648 E

136 2666 195 2718 Sed
211 2681 273 2716 cum
290 2666 429 2728 linqueret
446 2665 552 2715 inferos
570 2666 595 2714 A
615 2667 701 2727 Quin
720 2682 781 2716 cum
799 2668 875 2716 NHc.
888 2663 901 2734 ΙΙ
914 2669 979 2718 1084
997 2669 1059 2717 fun-

136 2735 219 2785 deret
237 2733 262 2781 Ε
283 2732 402 2783 fundens
420 2732 445 2780 A
473 2733 642 2782 funditans
663 2734 739 2783 Gron.
765 2735 910 2786 diuidens
928 2735 1060 2786 Bentleiuc

139 2802 267 2852 carmine
290 2805 489 2863 temperans
511 2803 606 2865 repetii
627 2816 663 2850 eo:
679 2801 870 2853 Boeotum
885 2819 907 2852 c.
921 2806 968 2862 12,
982 2806 1024 2851 21.
1045 2804 1058 2865 ΙΙ

139 2870 207 2921 1087
226 2868 411 2933 consumptos
428 2868 454 2916 E
472 2867 657 2932 consumptas
670 2870 695 2918 A
707 2866 719 2936 Η
733 2871 798 2920 1089
817 2869 871 2919 Sed
889 2870 930 2920 εΑ
949 2870 986 2917 Et
1003 2870 1026 2918 R
1045 2871 1058 2932 Η

140 2939 208 2989 1090
228 2936 289 2986 Neo
308 2936 349 2987 εΑ
379 2936 480 2986 NonR
503 2932 515 3000 ΙΙ
540 2939 605 2986 1003
628 2937 754 2998 Quonam
773 2942 816 2985 est
838 2937 864 2985 E
893 2938 972 2998 Quae
991 2941 1060 2986 nata

138 3009 184 3056 est
202 3005 227 3054 A
240 3000 253 3071 ῃ
265 3005 333 3055 rose
349 3003 428 3052 runc
446 3021 468 3053 ω
486 3004 560 3052 rum
578 3003 627 3054 Bo.
641 3002 653 3070 p
667 3005 731 3054 roeo
750 3005 815 3053 Has
838 3005 917 3055 Wsrn.
931 3001 943 3072 p
961 3008 1060 3056 moe—

140 3075 208 3124 1100
226 3069 277 3135 (Et
289 3071 336 3137 qui
349 3098 381 3105 -
393 3070 482 3136 uices)
502 3072 651 3136 Rutpereine
669 3075 875 3135 transponendus
893 3075 990 3122 censuit
999 3080 1060 3137 poet

138 3158 164 3189 11.
178 3142 247 3190 1118
263 3140 390 3204 probante
408 3146 433 3188 et
454 3139 531 3190 Gron.
556 3148 581 3189 et
604 3141 684 3192 With.
704 3147 729 3188 et
749 3140 793 3189 GR
816 3136 828 3205 ΙΙ
853 3142 919 3192 1098
937 3142 984 3189 Ex
1002 3155 1060 3204 quo

137 3207 191 3259 Bo.
203 3204 217 3268 ΙΙ
227 3206 333 3272 digerit
349 3207 374 3257 E
391 3206 521 3272 digerens
540 3208 564 3256 A
581 3204 593 3273 ΙΙ
610 3209 675 3258 1099
694 3209 831 3269 Quattuor
849 3208 875 3256 E
893 3209 1018 3268 Quetuor
1034 3209 1060 3257 A

139 3275 266 3326 Certus
289 3275 368 3326 Witn.
382 3271 393 3340 11
405 3276 573 3339 praecipites
591 3274 617 3323 Ε
635 3276 798 3340 praecipitis
818 3276 842 3324 A
855 3272 867 3342 ΙΙ
879 3282 937 3324 unte
955 3292 979 3324 u.
994 3274 1058 3324 1101

138 3345 191 3394 dno
212 3344 335 3393 anniculi
357 3344 542 3392 interciderunt
571 3339 583 3408 Η
618 3345 682 3392 1101
708 3343 784 3392 auidi
808 3343 884 3392 colus
906 3343 932 3391 E
962 3342 1060 3393 auidas

138 3411 203 3462 colo
221 3412 247 3462 A
268 3410 365 3461 auidus
383 3409 446 3474 polo
464 3407 591 3477 11111102
608 3411 714 3463 Parcet
732 3412 757 3462 Ε
775 3412 884 3464 Furcas
904 3411 927 3462 A
948 3407 972 3480 11
