2326 3922
161 212 221 277 186
439 226 470 273 u.
487 215 620 274 anunm
635 223 793 274 sunnone

158 373 315 427 morsiam
332 366 451 444 parata?
475 382 585 444 sperne
600 364 680 426 letali
696 382 785 426 manu

158 458 290 512 contacta
306 468 408 526 regna.
439 448 539 529 linque
555 448 692 510 lacrimas
706 449 814 510 funera

157 536 273 597 tabifica
290 534 362 597 caeli
378 535 448 595 uitia
464 552 540 612 quae
554 543 652 595 tecum
669 533 786 595 iuuehis

157 621 303 681 infaustus
319 621 435 698 hospes.
466 619 630 698 profuge
645 618 816 698 iamdudum
831 620 916 679 ocius

157 703 205 766 uel
221 705 256 765 ad
273 710 421 783 parentes.

123 778 149 850 ε’
204 801 272 852 100.
478 786 554 856 Quid
569 788 651 848 iuuat
665 787 794 848 coniunx
808 788 886 849 mala

156 891 281 952 grauare
297 872 423 952 questu?
446 873 559 950 regium
576 872 634 932 hoc
649 872 744 949 ipsum
760 889 831 932 reor

157 959 281 1019 aduersa
298 975 406 1034 capere
422 974 540 1035 quoque
556 957 594 1016 sit
609 955 717 1017 dubins
731 958 828 1035 magis

156 1050 249 1103 status
266 1048 295 1102 et
311 1041 442 1101 cadentis
457 1042 564 1118 imperi
580 1039 673 1102 moles
688 1040 783 1108 labet,

155 1128 214 1187 hoc
229 1135 307 1186 stare
323 1133 404 1185 certo
421 1127 552 1202 pressius
567 1127 674 1186 fortem
690 1125 794 1203 gradu.

155 1211 235 1272 haud
251 1218 296 1272 est
313 1209 398 1270 uirile
412 1218 494 1288 terga
511 1210 648 1270 fortunae
663 1210 744 1270 dare.

120 1304 139 1354 a
200 1308 280 1357 unu.
305 1294 396 1356 Abest
411 1296 530 1372 pauoris
546 1297 659 1355 crimen
675 1313 711 1355 ac
725 1292 870 1372 probrum
885 1292 992 1372 procui

157 1383 312 1459 uirtusque
327 1388 428 1440 nostra
445 1381 539 1441 nescit
553 1381 677 1457 ignauos
692 1387 799 1440 metus.

123 1490 138 1522 e
200 1466 231 1526 Si
246 1463 304 1524 teia
320 1473 423 1524 contra
439 1464 555 1532 stricta,
573 1465 598 1523 si
613 1465 659 1524 uis
674 1462 795 1523 horrida

157 1549 303 1610 Mauortis
318 1549 347 1607 in
364 1557 529 1609 meruerat
544 1549 688 1608 aduersus
703 1548 785 1608 feros

157 1634 250 1694 audax
267 1632 399 1710 gigantas
415 1632 534 1693 obuiam
550 1633 660 1694 serrem
678 1648 791 1692 manus.

122 1718 146 1776 θ’
201 1717 261 1778 Nec
278 1717 407 1796 Sphinga
424 1719 519 1778 caecis
536 1717 627 1778 uerba
644 1723 810 1777 nectentem
827 1716 922 1776 modis

157 1803 235 1881 iugi:
259 1809 400 1862 cruentos
417 1803 492 1861 uatis
507 1801 643 1862 infandae
659 1801 712 1862 tuli

156 1889 248 1948 rictus
264 1895 293 1947 et
308 1885 410 1947 albens
424 1885 540 1946 ossibus
555 1887 666 1964 sparsis
681 1885 787 1947 solum.

123 1997 139 2031 a
200 1972 331 2050 Cumque
347 1991 363 2032 e
379 1989 508 2049 superna
525 1989 601 2050 rupe
616 1973 673 2031 iam
690 1971 819 2049 praedae
833 1970 983 2031 inminens

158 2063 272 2133 aptaret
287 2054 348 2116 ales
365 2055 491 2116 uerbera
508 2063 537 2114 et
552 2056 663 2116 caudae
679 2072 783 2115 moros

157 2143 237 2200 saeui
253 2139 347 2200 leonis
363 2159 445 2199 more
462 2148 636 2201 concuteret
650 2141 768 2208 minax,

157 2243 277 2285 carmen
294 2227 425 2303 poposci.

123 2311 147 2370 ε’
467 2309 573 2369 Sonuit
588 2307 786 2376 horrendum,
803 2309 924 2385 insuper

156 2411 301 2470 crepuere
318 2393 412 2454 malae
427 2410 558 2470 saraque
573 2393 719 2471 inpatiens
735 2410 836 2452 morae

156 2478 279 2538 reuuisit
295 2480 400 2556 unguis
416 2480 530 2538 uiscera
548 2484 708 2555 expectans
724 2494 798 2537 mea.

121 2563 147 2621 d'
200 2561 315 2622 Nodosa
332 2564 421 2623 soriis
436 2560 529 2624 uerba
545 2569 574 2622 et
589 2560 722 2639 inplexos
738 2561 821 2621 doios

157 2663 190 2704 ac
206 2647 288 2705 triste
305 2665 424 2708 carmen
440 2646 517 2707 alitis
532 2644 608 2707 solui
624 2646 715 2706 ierac.

87 2788 91 2799 ,
122 2732 155 2790 e''
199 2742 267 2790 100.
314 2731 389 2802 Quid
405 2750 470 2792 sera
487 2733 591 2791 mortis
607 2739 676 2790 uota
691 2747 771 2790 nunc
786 2728 910 2790 demens
924 2729 1016 2790 facis?

225 2970 255 3019 77
275 2971 330 3017 iam
348 2968 373 3016 E
391 2971 448 3017 tam
461 2968 486 3017 A
498 2962 620 3032 1110011111
638 2965 673 3015 Ει
686 2962 742 3031 1178
762 2969 907 3016 contracta
925 2962 1019 3032 01183
1037 2967 1074 3016 011

156 3051 203 3084 om.
222 3045 245 3098 ψ
261 3033 273 3100 ΙΙ
296 3037 330 3086 84
347 3036 424 3086 labet
441 3035 491 3099 Εψ
508 3034 587 3084 labat
605 3035 629 3083 A
647 3030 659 3099 ΙΙ
681 3034 715 3084 85
733 3033 848 3098 gradum
866 3033 891 3083 Ε
911 3030 923 3100 ΙΙ
943 3035 977 3084 90
994 3034 1074 3084 ferox
1092 3048 1098 3059 ·

156 3097 246 3168 01191
261 3103 390 3167 gigantas
403 3102 428 3150 E
441 3103 571 3168 gigantes
583 3102 608 3151 A
621 3097 634 3168 ss
646 3102 756 3150 obuiam
768 3101 794 3150 E
806 3101 903 3152 obuias
916 3101 942 3151 A
954 3097 966 3166 Ι]
979 3103 1013 3153 93
1024 3116 1070 3150 ua·
1146 3112 1152 3119 '

156 3171 192 3219 110
205 3169 271 3218 Eun
288 3170 375 3233 pestis
388 3170 413 3217 A
430 3167 442 3235 Η
461 3172 494 3220 94
518 3170 651 3234 sparsisti
673 3165 686 3235 11
708 3171 741 3220 95
763 3183 883 3234 superna
900 3168 927 3217 Ε
939 3169 1015 3234 Lips.
1033 3171 1074 3218 uel

155 3239 242 3302 potirer
253 3237 294 3286 Μ]
306 3237 376 3301 Mop.
396 3238 516 3300 superba
534 3237 558 3286 A
572 3233 628 3303 1196
647 3236 707 3286 ales
726 3237 902 3287 uerbere-eA
923 3236 1073 3299 0100001-

156 3306 221 3355 bere
232 3305 349 3369 Scaliger
361 3300 372 3370 11
385 3304 490 3354 caudae
500 3304 566 3354 EM)
584 3305 701 3354 caudam
711 3305 736 3355 A
754 3319 868 3355 mouens
878 3304 918 3354 εΑ
931 3300 944 3371 Η
955 3305 989 3355 91
1009 3319 1073 3354 con·

158 3374 262 3438 ciperet
281 3373 331 3422 EA
352 3376 558 3435 ⁴concuteretur
585 3372 681 3437 scripsi
703 3373 808 3422 caudae
831 3387 936 3422 moras
959 3387 982 3426 0.
1002 3373 1020 3423 l.
1038 3388 1071 3421 m.

157 3445 331 3492 concuteret
348 3441 445 3489 minax
463 3437 475 3506 Η
493 3439 540 3488 101
560 3441 642 3489 sortis
662 3448 699 3504 εψ
718 3439 798 3490 fortis
816 3435 873 3557 Agl
886 3439 973 3490 uerba
992 3440 1073 3491 tortis

158 3512 186 3557 et
204 3509 222 3561 i.
242 3508 267 3563 d.
285 3510 310 3558 E
327 3505 338 3574 11
356 3511 404 3559 102
423 3507 507 3557 soluit
524 3507 581 3557 EV
583 3506 590 3539 ¹
609 3506 681 3557 solui
697 3507 719 3557 A
737 3503 749 3574 ΙΙ
767 3510 815 3558 109
834 3509 847 3557 1
875 3505 906 3556 0.
924 3522 972 3560 om.
985 3508 1011 3558 E
1035 3504 1047 3572 ΙΙ
