2326 3922
374 225 557 273 nnnevnns
576 211 764 293 [ouranos]
965 181 1040 275 447'

105 365 160 427 ubi
179 365 258 425 enim
273 372 378 444 negata
395 366 457 426 est?
481 364 561 442 quod
576 365 629 425 tibi
644 364 744 425 infelix
760 383 835 426 anus

105 468 252 530 quaeram
270 448 458 528 sepulcrum?
482 449 518 510 de
535 450 591 510 tuis
607 456 686 510 totns
701 451 783 527 rogis

106 534 273 596 contendat
288 534 378 594 orbis.
410 532 552 614 reliquias
567 537 667 613 magni
683 533 820 595 Herculis

107 621 177 698 quis
192 618 322 698 populus
337 627 388 680 aut
402 637 478 699 qnae
493 617 602 697 templa
619 638 694 698 quae
710 628 812 697 gentes
829 619 944 681 colent?

107 706 178 785 quis
193 706 250 765 iam
266 711 361 783 petet,
378 706 445 783 quis
460 712 563 782 poscet
577 703 732 765 Alcmenes
748 704 843 766 onus?
1047 711 1113 760 1830

108 807 188 869 quae
203 787 256 848 tibi
271 787 427 866 sepulchra
444 797 546 866 gnate,
564 791 632 868 quis
646 788 777 850 tumulus
792 797 837 850 sat
853 789 914 850 estl

108 875 159 935 hic
176 880 254 933 totus
269 873 366 942 orbis,
383 872 458 933 farne
478 876 535 934 erit
548 872 650 934 titulus
665 873 727 934 tibi.

109 958 182 1039 quid
199 960 296 1018 anime
313 959 459 1037 trepidas?
482 956 618 1018 Herculis
634 959 749 1020 cineres
765 967 858 1020 tenes.

110 1043 302 1122 conplectere
317 1060 400 1103 ossa:
423 1041 566 1121 reliquiae
582 1042 723 1104 auxilium
739 1043 868 1112 dabunt,

110 1137 200 1190 erunt
215 1136 260 1187 sat
274 1129 350 1190 baec
364 1127 527 1205 praesidia:
552 1127 712 1197 terrebunt
722 1138 788 1188 tuae
1047 1133 1113 1184 1835

109 1228 199 1289 reges
214 1211 261 1273 uel
279 1211 410 1273 umbrae.

109 1311 191 1358 HYL.
456 1296 572 1358 debitos
588 1306 657 1357 nato
673 1297 792 1376 quidem

111 1398 259 1459 conpesce
274 1381 360 1442 lletus
375 1391 470 1442 mater
485 1381 605 1444 Alcidae
620 1381 731 1442 incluti.

111 1484 172 1528 non
189 1472 234 1526 est
248 1466 412 1542 gemendus
427 1485 483 1527 nec
498 1467 584 1544 graui
599 1466 752 1544 urgendus
761 1485 858 1544 prece

109 1552 220 1612 uirtute
236 1552 368 1630 quisquis
383 1551 503 1613 abstulit
518 1552 584 1612 latis
599 1553 666 1612 iter.

111 1644 233 1697 aeterna
248 1636 344 1696 uirtus
359 1635 518 1697 Herculem
533 1636 600 1697 fleri
617 1644 703 1698 uetat.

110 1721 202 1780 fortes
219 1727 319 1780 uetant
334 1739 469 1781 maerere
484 1721 648 1798 degeneres
663 1721 774 1782 iubent.

109 1817 216 1866 nucu.
233 1804 343 1866 sedabo
359 1806 498 1883 questus?
522 1806 640 1868 uindice
655 1807 762 1866 amisso
777 1815 881 1884 patent

110 1899 190 1950 terra
207 1897 295 1969 atque
311 1889 434 1968 pelagus
449 1909 584 1970 quaeque
600 1908 770 1969 purpureus
785 1891 849 1952 dies

111 1979 262 2055 utrimque
278 1973 355 2035 clara
372 1982 484 2053 spectat
500 1993 611 2036 oceano
627 1984 703 2036 rota.

111 2069 183 2139 quot
198 2062 307 2120 misera
323 2061 352 2118 in
369 2078 428 2120 uno
444 2060 563 2120 condidi
579 2068 663 2121 natos
679 2061 807 2138 parens?

108 2163 204 2222 regno
221 2144 376 2213 carebam,
393 2162 483 2222 regua
500 2145 702 2223 sedpoteram
718 2144 799 2204 dare.

109 2248 168 2290 una
183 2231 261 2289 inter
277 2247 380 2290 omnes
395 2238 474 2289 terra
491 2247 564 2306 quas
579 2239 690 2291 matres
706 2231 782 2307 gerit

179 2365 244 2414 1826
268 2369 372 2429 negata
396 2369 439 2414 est
462 2365 563 2415 111Εῆ
573 2367 610 2430 p?
641 2369 683 2415 est
706 2380 752 2416 one.
776 2365 801 2414 A
833 2366 894 2414 Vni
921 2373 1027 2432 negata

109 2433 189 2482 Gron.
214 2429 226 2498 Η
249 2432 315 2482 1827
333 2447 415 2497 rogus
435 2433 458 2480 Ε
476 2434 552 2498 rogis
570 2434 596 2483 A
619 2429 630 2499 Η
654 2434 720 2483 1828
738 2432 813 2482 urbis
832 2433 857 2481 E
875 2435 948 2485 orbis
967 2437 992 2486 A
1013 2437 1025 2500 Η

109 2501 177 2551 1888
196 2514 267 2564 quae
286 2504 384 2564 gentes
403 2516 449 2549 om.
469 2501 493 2549 E
505 2496 517 2566 Η
529 2508 629 2564 rogant
646 2501 671 2550 E
690 2500 783 2550 colent
801 2502 826 2550 A
843 2497 854 2566 Η
872 2503 938 2553 1830
958 2505 1026 2566 Quis

106 2565 1027 2703 181111Η13111131811111111811333113431·

105 2701 150 2752 lus
170 2702 195 2752 E
213 2704 334 2754 tumulus
353 2705 378 2754 A
401 2700 413 2770 Η
437 2706 503 2754 1833
521 2707 600 2754 tenes
619 2704 644 2753 E
655 2713 679 2768 ψ
697 2709 766 2754 tene
786 2721 804 2753 α
826 2701 837 2771 Η
862 2709 928 2758 1834
947 2707 1026 2758 Com-

105 2771 232 2835 plectere
251 2772 303 2822 eA
333 2770 520 2836 Complector
540 2772 617 2822 Gran.
640 2768 653 2838 Η
676 2773 742 2822 1835
761 2774 830 2823 satis
848 2791 888 2839 pr.
908 2777 960 2826 εΑ
984 2782 1027 2826 snt

105 2841 194 2890 haec
206 2855 246 2904 pr.
268 2840 346 2890 Gran.
365 2839 457 2889 Haec
477 2845 545 2889 sunt
557 2841 626 2888 antis
638 2855 678 2905 pr.
691 2841 767 2889 NHe.
780 2837 792 2908 Η
806 2842 886 2892 18364
903 2845 987 2894 HYL.
1002 2844 1028 2892 Ε

104 2907 181 2958 ΡΗῙ.
194 2910 220 2958 Α
232 2903 244 2973 Η
256 2908 316 2957 nati
326 2907 350 2956 Ε
363 2912 429 2957 nato
442 2909 468 2958 A
480 2905 492 2973 Η
509 2909 575 2959 1838
589 2922 657 2957 nece
671 2909 716 2957 εΑ
729 2924 821 2972 preco
833 2910 1027 2973 Peerlkumpa'ne

105 2975 246 3026 LMueller
273 2970 286 3041 Η
315 2976 380 3025 1841
400 2980 499 3025 uetant
524 3003 553 3011 -—
578 2976 675 3025 iubent
697 2976 723 3025 Ε
753 2981 832 3026 uetat
851 3004 882 3012 -
901 2979 979 3027 iubet
1001 2979 1026 3028 A

104 3051 180 3095 netu
199 3070 230 3080 ·-
249 3044 318 3094 iube
339 3043 416 3096 Goon.
446 3039 458 3109 Η
487 3046 552 3095 1842
574 3043 686 3093 uindice
711 3045 811 3094 amisso
835 3044 860 3094 Ε
888 3046 1026 3096 uindicem

105 3112 189 3162 amisi
207 3112 233 3161 A
257 3107 269 3177 Η
291 3126 393 3176 parens
411 3111 463 3162 EA
481 3117 591 3176 patens
609 3110 658 3161 Bo.
678 3117 791 3176 patent
807 3116 903 3178 scripsi
924 3111 936 3181 Η
961 3117 1026 3167 1843

106 3181 176 3231 1844
193 3180 260 3230 1845
277 3181 369 3230 menna
388 3177 510 3246 (1111843
528 3180 613 3232 HYL.
631 3179 656 3228 Ε
674 3196 721 3230 om.
741 3182 766 3230 A
795 3175 807 3247 Η
836 3183 924 3232 Terra
943 3191 1026 3246 atque

105 3247 225 3313 pelagus
243 3261 351 3314 queque
370 3247 395 3296 Ε
418 3249 523 3298 'ferrae
544 3252 627 3313 atque
646 3248 740 3314 pelagi
758 3263 869 3312 qunque
888 3250 914 3299 A
931 3247 943 3314 Η
962 3251 1027 3298 1844

105 3317 258 3380 Vtrumque
278 3317 330 3366 εΑ
348 3317 500 3381 Vtrimque
518 3318 613 3381 scripsi
635 3312 647 3381 Η
671 3331 776 3366 oceano
794 3316 820 3364 Ε
839 3317 981 3367 Oceanum
1000 3318 1026 3366 A

105 3385 153 3434 Ab
171 3391 305 3448 utroque
325 3400 349 3434 c.
369 3401 410 3449 sp.
430 3385 544 3434 Oceano
563 3401 583 3433 r.
606 3384 684 3434 Gran.
705 3380 717 3450 Η
738 3385 804 3435 1845
824 3384 903 3446 Quod
922 3383 947 3432 Ε
966 3385 1026 3446 Quo

106 3455 132 3502 A
152 3447 166 3518 Η
188 3452 218 3501 in
236 3467 290 3502 nno
308 3453 334 3502 A
352 3458 383 3503 tu
400 3468 473 3502 nunc
491 3453 516 3502 Ε
539 3450 551 3518 Η
575 3450 699 3502 condidit
717 3453 741 3500 Ε
765 3451 875 3500 condidi
894 3453 919 3501 A
942 3447 955 3518 Η
978 3468 1027 3502 na-

106 3528 150 3570 tos
169 3522 221 3571 εΑ
240 3525 306 3570 nuto
325 3528 349 3584 ψ
368 3521 489 3585 (Mopli
497 3520 528 3586 p)
539 3521 553 3589 Η
564 3522 630 3572 1846
650 3519 733 3574 ALC.
753 3519 776 3570 Ε
796 3536 845 3572 om.
866 3516 933 3588 ΑΗ
