2326 3922
157 189 198 253 66
445 206 474 252 ι..
493 205 626 253 unuani
642 205 798 253 seuuemo

158 343 284 404 debebat
299 345 390 404 armis
406 343 486 403 orbis
503 350 531 404 et
547 345 698 422 geminum
714 362 798 406 mare

157 431 307 506 utrimque
323 428 433 490 classes
449 446 554 506 agere,
572 431 628 489 iam
644 428 770 495 flammis
785 447 874 509 agros

157 513 257 573 lucere
274 520 302 572 et
317 512 407 573 urbes
424 513 523 573 decuit
539 532 573 574 ao
589 515 722 575 strictum
740 514 871 594 undique

156 599 267 657 micare
283 598 404 658 serrum.

445 682 518 742 Tota
536 682 590 743 sub
607 690 710 741 nostro
727 691 813 744 sonet

158 766 284 844 argolica
301 766 387 826 telius
404 768 515 846 equite,
532 785 592 827 non
608 767 699 827 siluae
715 775 816 844 tegant

157 853 274 912 hostem
292 869 347 910 nec
363 851 428 910 aitis
446 853 590 911 montium
606 860 735 912 structae
751 854 828 929 iugis

157 954 251 995 arces,
279 935 389 995 relictis
405 933 543 996 bellicum
559 943 637 996 totus
653 942 739 996 canat

153 1019 282 1097 'populus
298 1020 437 1098 Mycenis,
466 1021 598 1097 quisquis
614 1022 741 1080 inuisum
758 1027 846 1099 caput

157 1106 229 1182 tegit
244 1122 277 1162 ac
293 1111 392 1163 tuetur
408 1103 491 1165 clade
507 1105 622 1165 funesta
638 1104 761 1165 occidat.

157 1189 231 1249 haec
247 1190 308 1266 ipsa
325 1188 440 1267 poliens
455 1189 548 1249 incliti
562 1188 681 1268 Pelopis
697 1189 803 1250 domus

158 1281 224 1334 ruat
238 1273 286 1333 uel
301 1275 332 1332 in
349 1292 405 1343 me,
423 1273 583 1334 durnmodo
598 1276 629 1333 in
645 1275 768 1334 fratrem
784 1281 861 1335 ruat.

122 1377 139 1427 b
200 1362 261 1436 Age
278 1360 374 1419 anime
390 1359 435 1418 iac
450 1359 529 1437 quod
546 1356 626 1418 ncilla
641 1360 799 1436 posteritas
814 1357 933 1437 probet,

158 1443 210 1505 sed
227 1442 307 1502 nuiia
326 1450 429 1504 taccat.
457 1442 574 1522 aliquod
591 1443 759 1503 audendum
776 1451 821 1503 est
836 1444 921 1504 nefas

157 1535 242 1587 atrox
259 1535 418 1586 cruentum
434 1526 493 1587 tale
510 1528 588 1605 quod
605 1528 696 1587 irater
713 1545 796 1587 meus
896 1571 899 1579 .

157 1630 242 1670 suum
261 1629 326 1671 csse
342 1610 451 1672 mallet.
480 1612 594 1672 scelera
609 1631 669 1672 non
686 1612 837 1673 ulcisceris

157 1697 212 1755 nisi
228 1697 332 1754 uineis.
348 1731 391 1743 —-
407 1697 512 1775 ecquid
530 1715 595 1757 esse
611 1705 669 1756 tam
686 1715 808 1757 saeuum
824 1702 922 1774 potest

157 1781 235 1858 quod
252 1790 373 1857 superet
388 1779 491 1840 illumi
512 1781 655 1860 numquid
671 1782 804 1842 abiectus
819 1781 914 1841 iaceti

118 1872 143 1931 b‘
201 1865 347 1942 Numquid
365 1866 504 1926 secundis
520 1868 631 1943 patitur
647 1869 677 1925 in
694 1864 785 1926 rebus
800 1866 933 1934 modum,

156 1950 240 2009 sessis
256 1951 405 2026 quietem?
428 1953 498 2010 noui
515 1967 570 2026 ego
585 1951 737 2028 ingenium
756 1952 812 2009 uiri

156 2033 296 2094 indocile:
314 2033 392 2094 ssecti
407 2053 466 2095 non
483 2042 590 2113 potest,
607 2035 703 2111 frangi
719 2041 824 2110 potest.

156 2119 282 2196 proinde
298 2126 454 2197 antequam
471 2139 502 2180 se
519 2120 616 2179 sumat
632 2126 681 2178 aut
697 2120 777 2179 uires
793 2124 879 2197 parat

157 2212 271 2281 petatur
288 2203 381 2263 uitro:
407 2223 444 2264 ne
461 2205 661 2281 quiescentem
678 2211 768 2281 petat.

156 2297 206 2348 aut
221 2290 342 2368 perdet,
359 2297 408 2348 aut
424 2288 546 2367 peribit,
563 2289 594 2347 iu
611 2289 709 2349 medio
726 2295 769 2348 est
784 2285 882 2348 scelus

157 2376 286 2452 positum
304 2375 469 2452 occupanti.

122 2492 136 2524 e
198 2471 271 2518 ser.
505 2458 596 2517 Fama
613 2464 641 2516 te
657 2455 759 2535 popuii
776 2455 848 2515 nihii

156 2542 279 2601 aduersa
295 2543 405 2602 terret?

155 2640 233 2686 Aru
439 2628 597 2686 maximum
614 2626 671 2686 hoc
687 2644 771 2702 regni
764 2624 899 2684 honum
917 2631 968 2694 est,

156 2711 233 2786 quod
251 2710 326 2769 iacta
341 2675 455 2768 domini
471 2713 585 2786 cogitur
601 2710 728 2789 populos
745 2712 790 2770 sui

156 2793 601 2870 tamierreqoamiaudare

155 2893 229 2940 suu.
641 2898 714 2958 quos
730 2880 808 2956 cogit
825 2886 921 2939 metus

156 2964 324 3034 laudare,
342 2964 460 3025 eosdem
477 2963 574 3024 reddit
589 2965 723 3023 inimicos
739 2971 843 3023 metus

225 3220 270 3268 181
291 3220 374 3268 armis
393 3217 518 3267 omnisA
543 3232 568 3265 a.
589 3217 663 3266 orbis
681 3213 747 3283 ΕΗ
781 3217 860 3266 182
852 3231 950 3265 innare
975 3216 1079 3266 classis

155 3289 210 3336 iam
235 3287 290 3335 tuis
313 3287 338 3334 fl.
359 3302 384 3335 a.
402 3287 427 3335 A
464 3287 600 3347 utrimque
628 3213 747 3336 classeam
757 3300 839 3349 agere
868 3285 923 3333 iam
948 3284 968 3333 f.
993 3283 1020 3332 Ε

155 3358 204 3405 195
228 3355 307 3403 anulii
325 3355 349 3403 A
375 3353 514 3403 malleiE
542 3349 553 3418 ΙΙ
584 3355 632 3402 196
658 3357 685 3402 et
708 3353 811 3417 quidm
841 3350 948 3415 ecquid
970 3350 1021 3401 Bo.

152 3426 202 3472 201
226 3422 315 3472 firmet
338 3439 362 3474 e.
382 3438 408 3471 ιι.
433 3426 514 3487 paret
504 3423 556 3469 iA
588 3420 678 3469 firmat
702 3437 726 3470 o.
746 3436 772 3470 u.
798 3424 882 3485 parat
904 3418 930 3468 E
971 3415 983 3485 ΙΙ
1024 3421 1087 3491 201

153 3492 272 3554 quamf
292 3490 421 3541 tamiA
442 3489 536 3539 t.amf
557 3489 673 3552 quaml
693 3485 754 3554 ΕΠ
