2326 3922
143 224 206 288 206
424 242 455 290 n.
474 241 608 288 lunam
624 239 781 289 sennenn

144 380 245 440 limosa
262 383 379 459 pigrum
395 382 532 443 circumit
547 380 657 441 iontem
673 380 766 459 palus.
1063 389 1090 440 ad

109 479 126 528 b
188 465 923 544 Hucutsacerdcsintulitaenicrgradum,

144 549 215 610 haut
232 557 275 610 est
290 559 431 612 moratus.
463 550 608 628 praestitit
622 556 739 610 noctem
754 548 848 611 locus.

145 643 205 695 tum
223 636 326 695 effossa
343 635 430 696 tellus
446 644 475 694 et
490 653 581 712 super
596 635 674 712 rapti
689 635 770 712 rogis

125 721 291 780 ‘iaciuntur
306 722 398 798 ignes.
432 720 494 797 ipse
510 720 629 780 lunesto
646 719 749 797 integit

143 813 226 865 uates
242 806 351 865 amictu
367 823 476 884 corpus
492 811 521 864 et
536 802 673 864 frondem
688 805 790 880 quatit.

143 935 275 1051 lugubris
290 935 366 1033 imni
380 933 739 1050 pitta’per‘tundu'peles]

108 1061 133 1117 b'
187 1057 345 1137 Squalente
362 1057 441 1118 cultu
457 1064 586 1118 maestus
601 1057 813 1134 ingreditur
829 1074 952 1117 senex.

141 1142 295 1202 mortifera
313 1160 415 1202 canam
433 1151 518 1202 taxus
534 1141 691 1220 adstringit
707 1159 830 1202 cumam.

141 1229 227 1304 nigro
243 1227 377 1287 bidentes
393 1225 505 1287 uellere
521 1233 608 1304 atque
624 1233 705 1286 atrae
720 1225 814 1287 boues

141 1319 227 1371 antro
242 1311 409 1372 trahuntur.
431 1309 437 1393 Η
456 1313 629 1388 sanguinem
644 1309 804 1371 libationis
982 1330 1039 1378 570·
1054 1326 1090 1375 att

140 1396 307 1476 solidasque
322 1396 452 1475 pecudes
467 1397 528 1455 urit
543 1402 572 1456 et
587 1394 679 1454 multo
695 1413 816 1472 specum
1066 1410 1090 1460 m

141 1489 253 1541 saturat
269 1499 384 1541 cruore.
405 1478 409 1559 Η
430 1480 547 1541 flamma
564 1480 723 1556 praedatur
739 1479 838 1558 dapes.
983 1498 1053 1548 578Ι
1066 1495 1088 1544 tt

141 1566 302 1643 diuumque
318 1565 446 1644 trepidat
462 1567 529 1641 igne
546 1563 631 1624 lerali
647 1581 747 1641 pecus.
965 1577 986 1618 r.
1002 1574 1090 1618 cxxxx*

108 1674 122 1706 c
184 1651 275 1708 Vocat
290 1649 357 1709 inde
374 1667 498 1709 manes
514 1656 602 1728 teque
618 1648 668 1727 qui
683 1666 787 1708 manes
802 1650 884 1726 regis

105 2096 119 2129 (2

142 1741 170 1792 et
186 1733 369 1793 obsidentem
386 1731 514 1794 claustra
529 1731 642 1793 lethaei
654 1731 736 1792 lacus

141 1835 320 1897 carmenque
336 1819 482 1894 magicum
499 1816 593 1878 uoluit
608 1823 638 1878 et
653 1816 759 1876 rabide
775 1818 873 1877 minax

140 1901 275 1961 decantat
290 1921 342 1962 cre
358 1902 495 1981 quicquid
512 1910 562 1963 aut
576 1900 672 1981 placat
688 1900 771 1963 leues

141 1994 190 2045 aut
206 1988 282 2062 uegit
298 1986 428 2047 umbrae.

466 2070 551 2130 Libat
566 2077 595 2131 et
610 2071 729 2130 niueum
745 2072 868 2148 insuper

138 2154 222 2215 lactis
237 2154 380 2233 liquorem
396 2155 493 2220 fundit
507 2163 536 2215 et
551 2154 697 2215 bacchum
713 2173 802 2214 manu

138 2239 223 2301 laeua
240 2242 376 2318 canitque
393 2257 496 2300 rursus
511 2257 547 2299 ac
563 2251 673 2299 terram
689 2242 806 2300 intuens

139 2326 276 2402 grauiore
293 2343 418 2384 manes
435 2342 509 2384 uoce
525 2330 554 2383 et
569 2325 689 2384 attonita
706 2326 785 2384 citat.

106 2419 122 2467 d
182 2409 314 2469 Latrauit
330 2410 455 2469 Hecates
472 2409 574 2476 turba,
591 2414 637 2468 ter
654 2407 746 2468 ualles
761 2425 851 2467 cauae

140 2511 267 2554 sonuere
284 2502 446 2562 maestum,
465 2501 523 2552 tuta
543 2510 682 2553 succusso
698 2492 761 2552 solo

137 2575 251 2654 pulsata
267 2576 362 2638 telluS.
396 2578 544 2647 ‘audicrfi
562 2586 646 2638 uates
661 2577 714 2645 ait,

138 2665 220 2721 ‘rata
238 2662 328 2721 uerba
344 2663 420 2730 indi,
438 2663 586 2742 rumpitur
602 2680 723 2723 caecum
740 2661 830 2720 chaos

139 2748 271 2822 ‘iterque
287 2747 401 2824 populis
416 2746 490 2806 Ditis
506 2746 542 2806 ad
558 2765 684 2825 superus
700 2747 809 2807 datur.'

205 2985 255 3033 566
268 2984 394 3032 circumit
407 2983 431 3030 E
443 2979 454 3048 Η
466 2985 515 3032 563
529 2988 585 3031 tum
599 2983 649 3030 EA
670 2990 728 3031 tune
740 2990 763 3044 ψ
775 2978 786 3047 Η
800 2979 900 3031 effossa
913 2983 966 3032 EA
980 2983 1056 3032 fossa

137 3051 251 3098 Fabricii
267 3053 351 3100 codeac
368 3047 379 3115 Η
400 3053 449 3100 565
468 3051 593 3100 frondem
612 3051 663 3099 EA
682 3050 801 3099 frontem
817 3049 881 3111 ᾹΕψ
898 3045 910 3115 Η
928 3057 992 3114 posi
1007 3052 1056 3100 565

136 3133 209 3165 arnnm
222 3133 320 3166 nereum
332 3121 460 3167 interiisse
471 3126 534 3182 puio
546 3114 557 3182 Η
570 3119 619 3168 566
638 3116 781 3181 perfundit
794 3124 838 3179 εψ
857 3117 1001 3181 pertundit
1013 3119 1038 3166 Α
1049 3114 1057 3180 Η

137 3187 186 3234 570
200 3189 279 3234 antro
296 3185 320 3233 Ε
339 3186 455 3235 retroA
486 3182 497 3249 Η
526 3187 670 3250 interposui
687 3187 755 3233 inter
772 3185 929 3234 hemistichia
950 3202 975 3234 u.
995 3187 1055 3234 5⁶9·

137 3260 162 3302 et
182 3250 193 3284 l
217 3268 306 3301 uersus
324 3252 524 3303 5767577578Ι
548 3250 559 3317 Η
583 3251 647 3302 5767
666 3253 830 3316 sanguinem
849 3252 922 3301 libat
941 3252 1013 3302 focis
1030 3251 1055 3301 Ε

136 3321 329 3384 Hepionmntcni
346 3321 660 3385 uterir1·igatsanguis
679 3321 757 3369 focos
776 3321 801 3369 Α
830 3315 842 3385 Η
871 3321 921 3370 577
940 3319 1055 3370 solidat·

137 3404 188 3451 que
207 3387 240 3436 E¹
255 3384 265 3452 Η
278 3390 327 3438 573
346 3387 455 3437 laetalis
473 3405 495 3438 ω
525 3388 639 3447 lethaei
658 3389 733 3440 NHe.
744 3383 756 3453 Η
773 3387 849 3437 locus
869 3404 888 3438 α
906 3403 960 3437 err.
979 3394 1033 3452 tpp.
1049 3383 1057 3448 Η

136 3458 185 3504 580
205 3472 237 3504 ac
256 3457 281 3504 E
300 3456 370 3521 etA
396 3451 407 3520 Η
431 3457 478 3505 581
500 3457 568 3505 citat
587 3457 612 3504 Ε
631 3456 728 3505 cicili
751 3452 763 3521 Η
787 3457 836 3506 582
855 3471 905 3520 per
924 3455 1010 3505 liter
1028 3456 1052 3505 A

133 3524 217 3573 etiam
237 3531 281 3574 (rui
302 3528 370 3589 ettp
393 3520 406 3591 Η
430 3537 516 3574 cauas
535 3523 557 3572 Ε
577 3538 665 3573 cauae
686 3525 708 3572 Α
732 3519 747 3587 Η
