2326 3922
156 193 220 257 264
433 209 466 256 n.
491 207 624 255 anunm
647 206 804 255 sennenn

157 348 303 427 lugendus
318 346 456 408 Helenae,

124 433 147 492 ε’
509 432 621 492 Durum
637 439 668 493 et
680 432 811 493 inuisum
827 439 859 493 et
873 447 968 508 graue
982 438 1026 491 est

157 519 276 578 seruitia
292 517 386 586 ferre,
403 517 499 595 patior
514 516 573 577 lrue
588 513 658 577 olim
672 517 774 595 iugum

158 602 243 662 annis
260 601 361 662 decem
378 601 503 680 captiua.
535 607 716 679 prostratum
731 599 817 661 Ilium
833 609 893 671 est,

159 688 236 747 uersi
253 693 383 764 penates.
415 686 543 766 perdere
558 693 603 747 est
616 687 741 765 patrium
756 701 865 763 graue,

158 773 278 850 grauius
292 773 408 832 timere.
438 789 493 831 uus
508 769 590 832 leuat
604 771 676 832 tanti
691 769 761 831 mali

158 857 329 925 comitatus,
345 857 376 915 in
392 874 438 916 me
454 857 550 916 uictor
565 853 594 916 e't
605 856 705 916 uictus
721 854 800 916 furit.

124 952 141 1001 d
202 941 295 1012 Quam
312 942 436 1019 quisque
451 939 590 1001 famulam
607 939 755 1010 traheret,
771 940 887 1001 incerto
903 941 957 1003 diu

159 1043 229 1086 casu
246 1025 400 1104 pependit,
418 1043 465 1085 me
480 1042 565 1085 meus
581 1025 670 1086 traxit
683 1025 780 1086 statim

158 1111 221 1170 sine
237 1119 317 1169 sorte
333 1109 478 1170 dominus,
509 1127 598 1171 causa
613 1107 759 1170 bellorum
774 1109 817 1170 lui

157 1201 315 1272 tantaeque
331 1193 454 1255 Teucris
470 1193 569 1254 eladis.
600 1193 657 1255 huc
671 1211 777 1255 uerum
792 1200 874 1274 puta.

123 1280 149 1340 (ι’
202 1279 344 1357 Spartana
361 1286 459 1339 uestra
476 1295 575 1357 puppe
591 1279 615 1339 si
630 1280 711 1340 secui
726 1279 816 1348 freta,

157 1365 182 1424 si
198 1370 281 1442 rapta
297 1362 429 1442 phrygiis
444 1364 554 1443 praeda
569 1362 731 1443 remigibus
747 1363 787 1424 lui

158 1447 297 1527 deditque
313 1447 423 1507 donum
439 1447 528 1508 iudici
545 1448 649 1508 uictrix
667 1447 736 1509 dea:

157 1534 278 1610 ignosce
293 1532 401 1592 Paridi.
432 1531 560 1592 iudicem
575 1532 683 1593 iratum
699 1549 765 1594 mea

157 1615 293 1676 habitura
311 1634 398 1676 eausa
416 1625 473 1677 est:

122 1701 156 1760 d'
512 1701 570 1762 Ista
586 1699 752 1762 Menelaum
768 1708 891 1762 manent

159 1784 291 1845 arbitria.
323 1803 402 1846 nunc
418 1784 495 1845 hanc
509 1783 639 1846 luctibus
653 1784 774 1863 paulum
791 1786 848 1847 tuis

157 1869 365 1931 Andromacha
383 1871 498 1931 omissis
512 1869 612 1930 ssecte:
629 1872 678 1930 uix
695 1869 830 1932 lacrimas
845 1888 924 1951 queo

156 1956 295 2015 retinere.

157 2053 263 2099 nnnn.
338 2046 479 2119 quantum
497 2046 541 2099 est
561 2038 672 2100 Helena
688 2040 767 2119 qued
783 2039 917 2102 lacrimat
933 2041 1048 2103 malum.

125 2150 139 2183 c
203 2125 260 2184 Cur
276 2122 410 2184 lacrimat
429 2125 545 2184 autem?
568 2123 649 2184 lare
665 2142 739 2202 ques
755 2125 872 2186 ithacus
888 2125 992 2188 dolos

157 2227 232 2288 quac
249 2207 361 2268 scelera
378 2216 485 2268 nectat.
516 2217 614 2269 utrum
631 2208 668 2269 ab
683 2210 775 2269 idaeis
790 2210 865 2288 iugis

156 2293 290 2354 iactanda
307 2294 392 2369 uirgo
409 2301 454 2353 est
468 2294 545 2353 areis
561 2311 597 2353 an
614 2292 710 2355 celsae
725 2294 803 2354 editu

156 2378 298 2438 mittenda
315 2379 402 2438 saxo?
426 2396 496 2438 num
513 2395 567 2456 per
582 2378 636 2438 has
652 2385 766 2440 uastum
782 2380 811 2437 in
828 2397 912 2441 mare

156 2462 303 2522 uoluenda
320 2480 411 2540 rupes
427 2461 519 2524 latere
535 2481 608 2542 quas
623 2463 714 2524 scisso
730 2462 810 2524 leuat

157 2546 248 2607 altum
264 2546 375 2608 uadoso
392 2547 498 2626 Sigeon
514 2556 650 2627 spectans
666 2549 750 2610 sinui

123 2630 146 2689 ε’
200 2630 252 2691 Dic
268 2633 350 2691 iare
366 2633 504 2711 quicquid
521 2631 662 2694 subdolo
679 2631 762 2693 uultu
777 2634 862 2711 tegis.

157 2715 268 2776 leniora
285 2715 360 2776 mala
377 2724 446 2777 sunt
462 2724 565 2778 cuneta
583 2735 671 2796 quam
688 2718 796 2778 Priami
814 2734 908 2796 gener

224 2955 273 3002 919
292 2953 418 3002 Helenae
439 2957 481 3002 est
498 2953 538 3002 Αε
562 2960 632 3015 esdr
657 2957 699 3002 est
717 2969 762 3004 om.
782 2955 822 3003 ed.
840 2954 921 3013 Ferre
943 2950 955 3019 ΙΙ
978 2954 1070 3005 durum

155 3022 274 3069 inuisum
288 3037 334 3069 orn.
348 3025 410 3084 etp
427 3017 439 3085 l}
455 3022 505 3069 924
523 3022 610 3070 uictor
623 3025 651 3070 et
662 3021 754 3070 uictus
765 3020 791 3070 E
808 3021 870 3070 1114
888 3020 929 3085 (αι
945 3025 1070 3088 interpres

1044 508 1162 573 en'

1082 944 1121 994 925

1081 1871 1118 1921 995

1081 2376 1119 2429 att

155 3104 209 3136 rum
228 3086 270 3149 A)
289 3088 379 3136 uictus
399 3091 427 3136 et
444 3089 533 3136 uictor
551 3089 575 3136 A
598 3085 609 3153 Η
631 3089 680 3138 926
698 3088 785 3137 trahit
804 3084 1069 3156 dilatatumque
1151 3112 1162 3133 o

156 3155 181 3204 E
193 3151 204 3218 ΙΙ
216 3156 265 3204 929
278 3170 369 3219 puppe
382 3155 476 3205 uestra
488 3155 513 3204 E
531 3157 630 3221 puppis
642 3160 735 3206 uestra
750 3157 772 3205 A
786 3152 797 3221 ll
809 3156 886 3205 saeui
901 3157 929 3206 lc·
946 3157 1072 3208 secuiiA

157 3227 253 3272 uestra
272 3238 363 3286 puppe
382 3223 479 3273 IGron.
496 3219 508 3288 ΙΙ
528 3223 552 3271 si
570 3224 610 3273 εΑ
630 3238 681 3286 que
700 3231 723 3286 ψ
740 3219 752 3288 Η
772 3225 823 3274 930
841 3222 890 3272 Sin
908 3226 949 3274 εΑ
968 3224 1000 3275 Si
1016 3234 1040 3289 ψ
1058 3225 1070 3285 ΙΙ

157 3293 206 3341 932
225 3306 287 3339 mea
306 3290 464 3339 EtlEIPui.
483 3294 550 3356 puta
568 3292 593 3340 A
612 3292 647 3353 rs.
666 3291 716 3341 928
728 3287 739 3354 Η
756 3292 806 3341 933
824 3291 900 3340 mille
919 3294 1033 3343 nauium
1051 3291 1076 3343 lt

155 3359 314 3408 Menelaum
331 3358 357 3406 A
370 3354 381 3422 ll
394 3360 444 3407 934
462 3359 578 3409 arbitris
597 3359 621 3408 E
633 3355 645 3425 ΙΙ
656 3360 705 3410 935
723 3359 788 3408 flete
802 3358 828 3408 E
839 3354 851 3424 ΙΙ
863 3360 913 3409 942
931 3360 1040 3412 uadoso
1051 3359 1077 3410 B

155 3427 275 3476 uadosos
294 3426 319 3474 A
343 3421 355 3490 ss
379 3427 473 3490 sigaeo
492 3426 518 3473 E
541 3429 636 3490 sigecn
656 3427 680 3476 A
703 3421 715 3491 Η
738 3426 827 3476 sinum
845 3426 871 3475 E
889 3428 968 3478 sinus
987 3428 1075 3478 Aut.

157 3493 237 3548 Gron,
256 3495 317 3543 sinu
338 3493 415 3544 (iren.
439 3488 452 3558 {l
