2326 3922
458 118 621 169 ruoruus
931 105 993 171 267

73 258 189 321 inclusa
205 259 291 322 tellus
305 277 367 320 non
382 261 461 339 capit
476 258 604 321 tumulos
620 277 712 320 meos,

19 346 65 425 ,ξ’
118 345 183 406 Duc
199 345 256 407 duc
271 344 362 406 Vlixe.
391 344 564 415 numeror,
581 344 766 406 dominum
783 363 901 424 sequor.

73 449 124 491 me
138 449 206 492 mea
221 437 383 510 sequentur
397 432 472 492 fata:
496 448 555 492 nou
571 427 676 509 pelago
692 431 776 510 quies
983 432 987 439 ’

72 513 235 596 tranquilla
249 516 364 585 ueniet,
380 516 493 578 saeuiet
508 516 604 576 uentis
618 532 717 584 mare,
884 520 887 525 ’

74 609 105 662 et
118 599 198 662 bella
214 607 243 663 et
257 601 333 680 ignis
348 607 378 662 et
391 618 457 662 mea
473 607 504 661 et
517 600 628 661 Priami
644 598 731 660 mala.

74 685 207 764 dumque
221 687 277 748 ista
291 687 430 761 ueniunt,
445 685 565 747 interim
581 684 639 745 hoc
655 702 769 764 poenae
784 683 850 747 loco
866 695 925 747 est:

73 780 187 833 sortem
202 772 361 850 occupaui,
378 771 544 850 praemium
559 771 656 848 eripui
671 769 735 831 tibi.

30 855 65 915 h'‘
118 855 177 918 Sed
193 873 230 917 eu
246 858 333 917 citato
348 855 481 936 Pyrrhus
496 857 626 916 accurrit
641 855 735 934 gradu

72 939 218 1019 uultuque
233 948 332 1002 toruo.
362 940 477 1021 Pyrrhe
492 939 562 1020 quid
578 941 695 1002 cessas?
718 957 772 1018 age

72 1024 197 1086 reclude
214 1026 294 1087 lerro
309 1033 413 1104 pectus
428 1031 460 1086 et
473 1023 592 1086 Achillis
607 1025 650 1086 tui

72 1111 222 1188 coniunge
237 1126 366 1172 soceros.
395 1127 488 1189 perge
502 1116 647 1171 mactator
661 1127 782 1170 senum:

72 1194 168 1255 ethic
182 1194 268 1256 decet
282 1201 311 1256 te
325 1196 454 1273 sanguis.
485 1193 637 1273 abreptam
653 1194 747 1254 trahe.

30 1277 73 1336 h'''
117 1277 261 1341 Maculate
276 1296 403 1358 superos
418 1279 510 1340 caede
524 1279 641 1340 funesta
657 1278 743 1350 deos,

72 1363 219 1426 maculate
233 1381 345 1426 manes.
377 1363 446 1443 quid
462 1381 569 1443 precer
585 1363 686 1425 uobis?
709 1381 818 1443 precor

72 1448 119 1510 his
135 1447 223 1527 digna
238 1450 331 1510 sacris
345 1466 484 1528 aequora.
515 1448 573 1508 hoc
588 1447 676 1509 classi
691 1448 805 1510 accidat

71 1534 126 1593 toti
141 1532 297 1612 pelasgae,
313 1533 427 1595 ratibus
442 1533 500 1594 hoc
516 1531 597 1594 mille
613 1532 742 1602 accidat,

70 1635 157 1679 meae
172 1617 335 1697 precabor,
351 1636 419 1680 cum
435 1617 542 1693 uehar,
560 1618 698 1698 quicquid
714 1620 780 1680 rati.

457 1883 605 1933 OHORVS.

201 2040 314 2102 Dulce
330 2043 474 2102 maerenti
489 2039 616 2121 populus
631 2040 798 2110 dolentum,

157 2124 265 2187 dulce
280 2127 439 2187 maerentis
453 2143 595 2187 resonare
611 2137 721 2204 gentes.
826 2146 829 2151 ’

155 2209 265 2272 leutius
279 2209 376 2272 luctus
390 2208 589 2288 lacrimaeque
605 2211 743 2272 mordent

156 2294 244 2356 turba
260 2312 332 2374 quas
346 2295 417 2357 lietu
432 2295 534 2357 similis
549 2297 725 2374 frequentat.

66 2386 71 2393 '
156 2396 276 2458 semper
290 2397 306 2439 a
322 2396 440 2459 semper
456 2379 541 2442 dolor
557 2388 600 2441 est
615 2379 777 2459 malignus:
793 2447 798 2456 ,

155 2463 309 2542 gaudetur
325 2464 434 2526 multos
448 2483 501 2526 sua
516 2466 574 2526 iata
589 2467 665 2526 mitti

137 2670 205 2721 1002
221 2683 277 2731 nou
295 2668 372 2733 cupit
388 2667 438 2733 Εψ
455 2683 520 2718 num
539 2683 562 2719 c,
580 2668 605 2718 A
628 2683 701 2718 nunc
718 2675 742 2734 ψ
758 2664 771 2735 ΙΙ
788 2670 854 2719 1004
871 2683 985 2734 sequen·

68 2741 113 2787 tur
131 2737 174 2787 εΑ
192 2739 346 2800 sequantur
361 2731 461 2802 opilea.
481 2736 649 2787 root-1008
664 2743 726 2800 poet
743 2735 848 2802 u.21018
867 2743 987 2802 transpo-

67 2805 167 2855 nendus
179 2818 236 2854 ecee
247 2805 357 2856 coniecit
367 2803 493 2868 occuper.
505 2799 517 2869 ΙΙ
530 2805 596 2855 1005
607 2805 703 2854 ueniet
716 2804 825 2854 sceuiet
836 2803 862 2852 E
878 2805 984 2857 ueniat.

67 2870 181 2923 ueniat
198 2872 224 2923 A
247 2867 260 2938 ΙΙ
283 2873 355 2924 1007·
366 2871 484 2922 ueniunt
500 2872 526 2922 Ε
542 2872 658 2921 uenient
676 2872 700 2921 A
718 2874 836 2922 ueniunt
852 2872 877 2922 Ii
899 2867 911 2937 {l
933 2872 987 2922 hoc

68 2954 177 3005 poenam
195 2938 257 2991 loco
275 2944 318 2991 eut
335 2939 361 2989 E
389 2939 462 2990 haec
478 2954 571 3005 poena
587 2940 617 2989 in
633 2938 696 2990 loco
715 2945 758 2990 est
776 2941 798 2990 A
824 2939 878 2990 hoc
895 2954 986 3004 poena

68 3008 97 3058 in
113 3007 135 3062 r.
155 3022 181 3058 e.
199 3014 224 3073 ψ
243 3002 256 3074 ΙΙ
277 3007 343 3059 roos
362 3007 451 3073 eripui
468 3007 522 3058 troc
539 3007 566 3056 a·
584 3007 686 3072 eripuit
703 3007 771 3057 mim
789 3009 813 3058 A
831 3003 843 3074 [Ι
860 3009 926 3059 1ooo
944 3009 986 3058 rn-

68 3076 158 3127 citatc
174 3090 199 3125 ω
215 3090 256 3126 eu
273 3076 362 3126 citato
378 3077 483 3140 scripsi.
495 3072 507 3141 ΙΙ
520 3077 586 3127 1010
603 3075 698 3140 pyrrhi
716 3075 741 3124 Ε
752 3072 764 3143 Η
777 3077 843 3127 1013
861 3075 943 3126 trahe
961 3076 986 3125 Ε

73 3143 150 3195 Vm.
167 3141 257 3193 trahit
273 3143 299 3193 A
315 3139 329 3210 ΙΙ
352 3145 418 3196 1016
435 3158 532 3209 precer
550 3143 599 3207 Εψ
616 3157 715 3208 preces
733 3160 752 3194 α
775 3138 788 3211 {l
812 3146 878 3194 1020
895 3143 986 3193 Dulce

69 3208 199 3263 lamentis
215 3224 269 3262 res.
287 3211 313 3261 A
342 3212 432 3263 Dulce
452 3216 480 3262 et
497 3215 655 3262 maerentes
674 3226 726 3263 res.
745 3211 771 3261 Ε
793 3206 805 3279 ΙΙ
830 3213 894 3262 1021
913 3211 1000 3260 Len·-

68 3278 123 3330 lius
140 3278 168 3329 A
185 3278 290 3330 Lenius
307 3292 322 3331 ε
343 3275 356 3346 ΙΙ
380 3282 445 3332 1022
463 3279 561 3331 similis
578 3280 604 3330 Ε
622 3279 706 3330 simili
723 3282 749 3332 A
773 3275 785 3346 ΙΙ
808 3280 987 3344 frequentant

70 3348 109 3397 ed.
119 3344 241 3413 Batitap
259 3346 421 3411 frequentat
432 3349 472 3398 εΑ
485 3344 497 3414 ΙΙ
514 3350 579 3399 1023
592 3362 701 3414 semper
714 3349 749 3397 ah
761 3363 817 3399 sem
840 3362 870 3397 er
881 3351 929 3397 om.
942 3354 965 3410 ψ
978 3343 981 3412 Ι

71 3416 113 3465 est
128 3412 269 3481 malignus
286 3414 313 3465 Ε
329 3416 391 3481 ipso
408 3431 524 3482 magnus
543 3417 567 3466 A
588 3420 616 3467 et
633 3431 752 3482 magnus
769 3424 792 3480 ψ
815 3363 837 3482 {l
