2326 3922
161 211 221 277 148
431 228 464 278 u.
489 228 622 276 auuaur
646 229 804 277 suuncnn

155 367 274 428 reclinis
290 369 353 446 ipsa
370 365 448 427 sadis
464 375 583 428 auratae
598 375 664 428 torn

155 452 258 513 soiitos
273 452 397 512 amictus
413 460 512 512 manta
527 469 587 512 non
603 470 673 513 sana
690 454 803 514 abnuit.
817 489 819 494 -

105 537 143 596 b''
197 550 254 596 PH.
279 537 441 596 Remouata
456 536 583 597 famulae
597 554 732 616 purpura
747 545 835 616 atqua
851 557 924 599 auro
940 538 1039 601 inlitas
1093 553 1120 600 aa

155 628 262 682 nastes
292 620 398 701 procul
414 622 451 680 sit
466 622 587 681 muricis
602 622 670 700 tyrii
686 621 793 690 rubor,

157 705 250 786 [quae
263 709 318 778 fila
333 709 427 766 ramis
441 709 540 767 ultimi
553 706 643 766 Seres
657 705 782 787 liquat]

155 790 256 850 breuis
274 790 426 868 expeditos
441 807 514 849 zona
531 792 715 866 constringat
730 792 823 852 sinus.

155 876 257 935 ceruix
274 873 374 934 monili
390 891 484 934 uacua
499 892 556 934 nac
572 876 677 935 niueus
692 873 768 954 lapis

155 959 282 1019 deducat
297 960 376 1018 auris
392 959 480 1018 indici
497 958 607 1019 donum
623 960 725 1020 maris.

154 1043 247 1103 odore
262 1043 351 1103 crinis
367 1060 487 1120 sparsus
503 1045 615 1121 assyrio
631 1051 731 1104 uacat:

155 1131 197 1188 sic
212 1134 325 1187 temere
340 1128 436 1207 iactae
451 1125 526 1187 colia
541 1127 723 1206 perfundant
738 1147 840 1190 comae

154 1229 334 1289 umerosque
350 1229 496 1281 summos,
521 1212 659 1273 cursibus
673 1221 770 1274 mutae
786 1215 850 1274 citis

154 1305 260 1358 uentos
276 1303 446 1374 sequantur.
478 1294 562 1356 laeua
578 1316 611 1357 se
625 1296 784 1376 pharetrae
800 1297 897 1359 dabit:

68 1417 72 1424 ι
154 1381 258 1442 hastile
274 1380 372 1441 uibret
387 1380 693 1442 dextrathessaiicurn
710 1401 825 1444 manus.

155 1465 256 1546 [Talis
269 1470 369 1526 seueri
381 1474 479 1526 mater
492 1468 654 1544 Hippolyti
663 1465 754 1546 fuit]

120 1551 145 1609 a'
200 1548 300 1620 Qualis
314 1549 423 1610 relictis
440 1550 538 1628 frigidi
553 1553 637 1628 panti
651 1550 746 1629 plagis

155 1635 214 1710 agit
231 1632 366 1694 cateruas
382 1635 502 1694 atticum
519 1634 639 1712 pulsans
656 1636 751 1696 solum
836 1647 841 1654 ’

154 1718 285 1778 Tanaitis
300 1726 350 1778 aut
365 1718 487 1779 Maeotis
503 1727 532 1778 at
546 1719 625 1779 nodo
642 1737 741 1779 comas

155 1804 251 1881 coegit
266 1802 421 1880 emisitque
437 1802 535 1863 lunata
551 1801 628 1864 latus

154 1896 285 1965 protacta
302 1888 394 1967 pelta:
418 1887 485 1948 talis
499 1889 529 1948 in
545 1887 634 1948 siluas
650 1887 738 1948 iarar.

155 1984 257 2032 cnon.
282 1990 393 2051 sapone
409 1980 546 2049 quastus:
569 1990 628 2032 nun
644 1971 724 2034 lauat
739 1975 863 2034 miseros
879 1972 980 2043 doior,

154 2065 271 2134 agresta
287 2058 370 2134 placa
386 2057 509 2133 uirginis
525 2075 635 2117 numan
652 2057 733 2118 deae.

413 2269 643 2318 HIPPOLYTVS.
666 2273 808 2320 NVTRIX.

122 2424 139 2456 a
199 2409 278 2455 uvT.
302 2393 415 2471 Regina
431 2411 587 2453 nemorum
603 2393 664 2454 sola
682 2413 758 2472 quae
773 2402 889 2456 montes
905 2395 979 2455 coiis

155 2487 184 2539 et
199 2497 256 2539 una
273 2478 343 2538 solis
359 2476 508 2537 montibus
524 2477 631 2538 coieris
647 2478 715 2546 dea,

154 2572 296 2622 conuerte
312 2563 408 2622 tristes
423 2563 555 2622 omniurn
571 2563 600 2620 in
617 2561 720 2622 meiius
736 2563 839 2623 minas,

119 2672 137 2720 b
201 2647 224 2706 0
240 2662 347 2722 inagna
364 2646 452 2705 siluas
468 2647 545 2707 inter
561 2654 589 2706 et
604 2646 686 2706 lucos
702 2647 756 2708 dea

223 2901 273 2949 395
299 2914 445 2963 purpuram
472 2900 496 2947 Α
527 2908 688 2964 purpuratp
718 2905 923 3032 Hurpuraatqua
945 2917 1015 2952 corr.
1036 2918 1072 2953 em

154 2974 359 3032 purpuruatqne
384 2965 420 3015 E¹
444 2962 456 3032 Η
479 2969 528 3016 397
552 2970 600 3017 del.
625 2968 694 3018 R.P.
751 2971 802 3018 400
820 2967 932 3018 diducat
950 2985 970 3018 α
989 2966 1002 3035 [Ι
1021 2971 1073 3021 406

154 3034 220 3082 tuiis
239 3033 330 3082 relicti
348 3038 380 3083 ci.
395 3035 468 3086 Grot.
494 3035 583 3097 qualis
602 3037 632 3083 ci.
650 3035 846 3084 Valckenarius.
864 3051 966 3086 uersum
982 3039 1073 3087 sustuli

154 3118 207 3150 cum
227 3101 304 3149 NHs.
323 3098 334 3165 li
354 3104 404 3151 409
423 3103 546 3152 tanatois
565 3101 609 3165 (at.
623 3103 795 3152 tunatrisuel
806 3103 911 3168 tanais)
931 3109 981 3154 aut
998 3120 1072 3156 meo·

154 3165 409 3231 tis(a1.met0is)p
433 3174 482 3218 aut
500 3171 593 3219 tanais
613 3174 662 3218 aut
674 3172 792 3220 maeotis
810 3186 828 3220 α
846 3172 940 3221 tanais
953 3171 1006 3222 alti
1024 3177 1074 3223 aut

155 3236 273 3286 maeotis
291 3234 316 3282 E
334 3237 451 3284 tanaitis
470 3242 518 3286 aut
535 3239 653 3288 maeotis
671 3240 727 3288 cod.
752 3236 920 3305 Vosaianuafl
939 3241 990 3290 411
1009 3255 1071 3305 pro-

154 3306 229 3355 iacta
247 3304 278 3354 ci.
297 3302 409 3353 Istron.
434 3300 445 3368 Η
466 3306 515 3354 412
534 3304 679 3355 OHORVS
698 3307 723 3354 E
740 3305 822 3358 NVT.
841 3306 866 3355 Α
886 3302 898 3372 Ι]
918 3306 1027 3372 depone
1047 3308 1072 3358 A

154 3388 256 3436 sepone
275 3385 289 3422 ε
304 3378 366 3435 post
383 3371 448 3420 duno
465 3389 489 3421 u.
502 3375 528 3422 in
541 3375 565 3422 A
584 3375 676 3437 tepitur
693 3391 718 3422 u.
734 3376 785 3423 367
806 3370 818 3439 i}
841 3380 900 3437 post
913 3377 967 3425 413
985 3376 1073 3426 HYP·

154 3440 310 3490 POLI'l'VS
329 3438 467 3488 NVTRIX
485 3440 509 3487 E
527 3442 625 3490 Nutrix
637 3441 797 3506 Ypolitusp
813 3457 984 3506 personarum
997 3451 1074 3495 notae

154 3509 244 3556 desunt
261 3509 287 3555 in
307 3524 324 3555 α
345 3503 426 3572 [1417
446 3509 517 3556 inter
536 3509 634 3558 eduens
653 3508 677 3556 Ε
699 3504 711 3575 [Ι
