2326 3922
170 225 234 288 210
452 239 481 286 u.
500 237 634 286 Auuaur
651 236 808 284 sunnone

171 380 228 439 tori
244 377 349 455 iugalis
366 377 469 437 abnuit
484 376 605 455 Merope
620 376 703 436 nelas

169 465 277 523 sociata
296 461 449 541 Polybo,
468 479 570 540 sospes
585 460 712 521 absoluit
726 478 833 522 manus

168 545 330 627 Polybus
345 565 434 607 meas.
466 553 591 626 uterque
606 545 740 607 defendit
752 563 861 625 parens

170 632 290 692 caedem
306 640 513 711 stuprumque.
545 630 611 708 quis
627 629 711 690 locus
727 629 831 707 culpae
848 634 1016 709 estsuper?

134 714 159 785 ε’
211 716 302 776 Multo
318 724 386 777 ante
401 715 550 776 Thebae
565 715 668 775 Laium
683 715 822 775 amissum
838 724 961 792 gemunt

169 803 279 862 Roeota
296 817 400 877 gressu
416 818 505 880 quam
522 817 587 859 meo
604 800 684 876 tetigi
701 797 774 860 loca.

168 884 297 946 falsusne
314 887 413 945 senior
429 903 465 944 an
482 883 554 944 deus
564 879 707 944 ''l'bebis
722 885 841 962 grauis?
860 918 897 929 -

167 972 286 1030 iamiam
302 979 437 1030 tenemus
453 967 548 1028 callidi
563 970 659 1028 socios
675 967 744 1028 doli.

168 1057 310 1114 mentitur
325 1056 380 1114 ista
395 1053 569 1131 praeterens
583 1053 679 1114 lraudi
695 1052 767 1118 deos

168 1148 252 1199 nates
267 1139 379 1216 tibique
395 1139 511 1215 sceptra
527 1137 692 1214 despondet
709 1156 783 1198 mea.

133 1228 150 1275 h
212 1236 264 1282 cn.
288 1224 389 1301 Egone
404 1229 437 1282 ut
451 1240 586 1283 sororem
603 1224 683 1300 regia
698 1221 805 1300 expelli
820 1221 931 1284 uelim?

167 1309 191 1368 si
207 1327 255 1368 me
273 1308 345 1367 fides
361 1315 475 1368 sacrata
491 1309 608 1385 cognati
623 1307 694 1368 laris

167 1411 225 1451 non
244 1394 410 1453 contineret
425 1393 454 1452 in
470 1410 536 1452 meo
553 1401 668 1452 certum
684 1397 776 1460 statu,

167 1487 264 1537 tamen
280 1479 342 1556 ipsa
359 1495 405 1536 me
422 1476 575 1538 lortuna
591 1484 718 1537 terreret
733 1477 820 1535 nimis

166 1560 290 1621 sollicita
306 1578 433 1638 semper.
464 1559 552 1621 liceat
566 1561 624 1620 boc
639 1567 702 1620 tuto
718 1560 770 1621 tibi

166 1664 274 1705 exuere
290 1646 406 1723 pondus
422 1663 477 1705 nec
493 1645 682 1706 recedentem
698 1646 854 1723 opprimat.

165 1732 222 1790 iam
239 1738 267 1789 te
283 1731 398 1791 minore
414 1732 503 1790 tutior
519 1747 633 1807 pones
648 1728 724 1790 loco.

130 1814 156 1871 h'
209 1827 287 1874 oen.
313 1814 446 1874 Hortaris
463 1816 565 1885 etiam,
581 1821 688 1892 sponte
704 1814 883 1892 deponam
901 1823 933 1874 nt
948 1833 1013 1875 mea

164 1907 223 1958 tam
241 1901 342 1976 grauia
360 1899 470 1976 regna?

61 2003 64 2007 ’
165 1995 217 2043 Q.
507 1980 877 2060 Mmmfflw

166 2069 195 2127 in
212 2077 371 2144 utrumque
389 2068 454 2144 quis
470 2076 514 2127 est
530 2066 605 2128 liber
621 2069 780 2128 etiamnum
796 2075 898 2127 status

164 2152 218 2212 tibi
234 2155 292 2211 iam
309 2169 431 2211 necesse
448 2160 492 2211 est
509 2153 587 2212 lerre
604 2152 792 2212 fortunam
808 2161 898 2213 tuam.

165 2250 246 2297 oni).
273 2237 435 2296 certissima
452 2244 497 2297 est
511 2253 638 2312 regnare
654 2237 784 2314 cupienti
799 2237 845 2296 uia

163 2321 283 2382 laudare
299 2321 413 2380 modica
431 2330 459 2380 et
475 2323 567 2381 otium
584 2339 618 2380 ac
634 2339 770 2388 somnum
787 2320 877 2400 loqui.
905 2331 909 2339 ’

162 2406 198 2466 ab
215 2406 345 2484 inquieto
362 2423 449 2482 saepe
465 2405 620 2465 simulatur
636 2407 728 2483 quies

128 2500 138 2547 i
205 2504 255 2550 cn.
280 2491 427 2550 Parumne
443 2508 490 2550 me
506 2497 564 2549 tarn
581 2489 667 2566 longa
684 2489 814 2550 detenuit
828 2489 944 2550 fides?

108 2579 110 2583 ’
128 2579 147 2630 i'
208 2588 288 2634 0131).
312 2575 429 2635 Aditum
447 2574 572 2635 nocendi
586 2574 702 2653 perfido
718 2580 849 2652 praestat
864 2573 877 2633 f
882 2574 975 2635 ides.

126 2682 144 2730 g
206 2672 258 2718 (tn.
284 2658 402 2719 Solutus
419 2677 511 2719 onere
527 2659 608 2736 regio
623 2659 708 2735 regni
724 2658 810 2718 bonis
1094 2665 1133 2713 rot

161 2743 245 2800 fruor
261 2743 428 2820 domusque
446 2745 554 2802 ciuium
572 2751 659 2803 coetu
674 2744 754 2818 uiget

162 2844 217 2886 nec
234 2826 289 2886 ulla
306 2827 421 2887 uicibus
436 2829 530 2902 surgit
546 2826 666 2887 alternis
683 2828 744 2887 dies
960 2843 1024 2891 ouer.
1039 2840 1076 2880 xn

162 2930 218 2989 qua
235 2930 292 2971 non
310 2914 468 2989 propinqui
483 2929 605 2971 munero
623 2911 658 2970 ad
675 2920 794 2972 nostros
811 2911 888 2973 lares
965 2925 987 2968 r.
1001 2921 1131 2965 aunuum

228 3184 278 3231 675
302 3181 414 3232 Sociale
432 3183 457 3230 Ε
480 3179 491 3248 Η
516 3182 643 3232 absoluet
660 3182 685 3231 E
709 3181 831 3232 absoluit
849 3183 874 3231 A
897 3178 909 3247 Η
932 3183 984 3233 676
1007 3184 1076 3232 abeat

164 3251 191 3299 V
195 3267 211 3316 p
223 3247 234 3316 Η
247 3252 296 3301 688
315 3249 413 3300 libeat
430 3250 479 3300 Bo.
493 3245 504 3316 Η
517 3251 566 3300 689
585 3266 636 3300 nec
649 3250 674 3299 Ε
692 3266 725 3300 ne
739 3251 763 3298 A
776 3247 787 3314 Η
800 3251 848 3300 692
867 3247 946 3298 CRE.
967 3251 1035 3299 Tam
1053 3249 1076 3299 Ε

160 3333 258 3368 cresua
276 3318 356 3368 deum
374 3313 422 3383 ΕΗ
434 3319 484 3368 693
503 3318 549 3381 qui
568 3333 597 3367 se
617 3318 688 3367 liber
706 3318 730 3366 E
742 3314 753 3383 Η
765 3317 870 3384 scalptus
883 3315 932 3382 ΕΗ
944 3321 996 3369 694
1014 3317 1075 3367 Tibi

158 3391 190 3434 et
205 3389 259 3436 iam
279 3387 304 3436 E
321 3383 332 3452 Η
350 3387 399 3436 695
418 3400 471 3434 uox
489 3386 514 3433 E
532 3387 578 3435 uia
600 3388 621 3434 A
641 3383 651 3451 Η
668 3386 718 3436 696
737 3391 765 3434 et
783 3387 881 3434 tatium
899 3385 934 3434 Ε1
953 3382 965 3451 Η
983 3401 1016 3435 ac
1035 3393 1075 3447 εψ

160 3459 189 3502 at
207 3455 231 3502 A
249 3451 261 3518 Η
277 3455 353 3517 loqui
372 3451 436 3501 Em
460 3455 538 3515 sequi
557 3455 581 3502 A
599 3449 610 3514 Η
627 3455 676 3504 698
699 3453 766 3503 fides
785 3452 849 3500 Eric
873 3453 933 3503 dies
951 3455 977 3504 A
996 3450 1007 3518 Η
1025 3455 1074 3503 699

159 3519 226 3571 fides
245 3523 310 3570 Ere
328 3521 388 3570 dies
407 3521 431 3568 A
444 3516 455 3586 Η
468 3523 516 3571 702
535 3522 593 3572 Nec
611 3520 688 3570 nulla
707 3519 749 3587 αΗ
761 3522 809 3572 703
827 3525 937 3571 nostras
957 3538 976 3572 α
1000 3517 1012 3586 Η
