2326 3922
162 236 203 303 68
444 251 475 297 u.
492 248 624 297 nurum
640 247 795 297 suuuouu

129 412 146 462 d
206 393 309 454 Hunc
326 390 438 451 facinus
453 390 559 467 ingens
575 405 664 450 ansus
680 396 829 466 assumpte
845 389 874 448 in
890 387 990 450 scelus

163 482 300 540 consorte
316 475 410 535 nostri
425 474 556 551 perfidus
570 472 692 534 thalami
709 472 818 534 auehit.
1104 496 1147 545 235

162 563 231 623 hinc
248 578 336 621 omne
352 559 444 620 clodis
459 566 578 619 mutuae
593 557 677 618 fluxit
692 556 811 618 molum.

162 664 217 726 per
233 663 326 722 regua
342 644 476 724 trepidus
492 641 560 704 exul
576 644 675 703 erraui
690 660 765 703 mee.

163 750 232 812 pars
246 729 326 791 nulla
342 731 459 808 generis
474 736 536 789 tuta
552 727 589 788 ab
604 728 715 789 insidiis
730 735 826 788 uacet.

128 825 154 884 d*
210 816 356 894 Corrupto
372 816 517 881 coniunx,
534 813 641 892 imperi
657 829 763 890 quassa
779 818 823 872 est
837 812 918 882 tides,

164 900 270 962 domus
287 915 390 976 aegra,
408 897 515 959 dubius
530 898 650 975 sanguis
666 904 724 974 estj,
744 898 818 956 certi
832 896 906 957 nihil
1104 915 1146 965 tto

166 986 222 1045 nisi
236 985 328 1044 frater
344 983 445 1044 hostis.
473 980 541 1062 quid
559 981 678 1060 stupes?
694 981 814 1042 tandem
829 983 926 1060 incipe

166 1070 324 1146 animoque
340 1085 424 1128 sume
439 1065 595 1127 Tantalum
612 1073 641 1126 et
655 1064 796 1145 Pelopem
812 1067 925 1143 aspice:

165 1154 201 1216 ad
217 1155 292 1214 haec
307 1169 412 1212 monus
428 1148 742 1230 exempla'poscuutur
757 1168 850 1211 meae.

132 1257 149 1307 d
208 1238 333 1298 Proiare
349 1237 446 1298 dirum
463 1253 519 1314 qua
536 1241 625 1314 ceput
641 1242 768 1296 mactem
784 1237 840 1295 uie.
891 1272 895 1289 .

166 1336 239 1385 ΒΛΤ.
268 1322 349 1382 ferro
365 1327 538 1400 peremptus
553 1320 687 1396 spiritum
702 1320 856 1380 inimicum
872 1330 990 1398 expuet.

166 1422 244 1468 ΛΤΒ.
272 1405 309 1467 de
324 1407 384 1466 fine
398 1423 513 1485 poenae
527 1404 669 1483 loqueris,
687 1422 742 1482 ego
758 1421 885 1482 poenam
901 1404 980 1466 uolo.

167 1493 293 1570 perimat
307 1499 449 1569 tyrannus
464 1488 554 1560 lenis,
570 1490 601 1549 in
616 1506 710 1567 regno
726 1507 797 1549 meo

167 1594 247 1636 mors
264 1577 440 1653 inpetratur.

168 1675 242 1721 ΒΛΤ.
476 1657 555 1719 nulla
580 1666 607 1718 te
623 1660 745 1738 pietas
761 1658 879 1719 mouet?

132 1759 157 1815 d*
213 1758 292 1805 ΛΤΒ.
316 1743 433 1805 Ercede
448 1746 580 1823 pietas,
597 1745 622 1804 si
637 1744 726 1804 modo
741 1745 771 1803 in
786 1751 888 1805 nostra
903 1744 993 1805 domo

168 1847 307 1907 umquem
325 1830 413 1890 suisti.
440 1829 503 1888 dire
520 1831 665 1892 furiarum
682 1830 793 1890 cohors
1103 1842 1146 1892 250

169 1917 342 1991 discorsque
358 1914 485 1993 Erinnys
506 1918 606 1976 ueniet
622 1920 650 1974 et
665 1914 798 1992 gemines
813 1915 902 1986 iaces>

169 2002 306 2076 Megaera
322 2000 465 2078 quatiens.
495 2016 552 2060 non
569 2000 639 2061 satis
654 2016 762 2077 magno
780 2017 878 2060 meum

169 2083 253 2145 ardet
268 2085 369 2144 furore
385 2091 502 2160 perine,
519 2083 626 2163 inpleri
641 2085 723 2144 iuuet

169 2170 281 2228 maiore
296 2181 439 2229 monstro.

137 2274 151 2308 e
210 2265 283 2313 ΒΛΤ.
496 2252 570 2324 Ouid
587 2255 657 2315 noui
672 2251 795 2313 rubidus
809 2253 916 2312 struis?

171 2351 249 2398 ΛΤΒ.
274 2337 315 2397 nii
332 2336 410 2416 quod
427 2337 570 2398 doloris
587 2340 682 2416 capiat
698 2339 807 2398 assueti
823 2337 953 2398 modum.
1104 2355 1148 2404 255

172 2421 284 2483 nullum
299 2422 464 2500 relinquam
481 2423 594 2483 facinus
609 2430 639 2483 et
653 2421 767 2483 nullum
783 2429 828 2483 est
842 2422 922 2483 setis.

137 2502 160 2561 e'
215 2517 289 2566 SAT.
307 2507 451 2567 Ferrum?

171 2603 250 2649 ΛΤΒ.
420 2608 524 2668 parum
541 2600 594 2652 est.

172 2687 246 2734 ΒΛΤ.
577 2676 648 2754 quid
664 2676 756 2754 ignis?
1064 2689 1087 2729 r.
1101 2686 1135 2731 cx
1161 2711 1162 2715 ,

172 2770 252 2818 ΛΤΒ.
725 2763 893 2821 etiamnunc
908 2777 1013 2838 porum
1032 2769 1088 2823 est.

173 2855 247 2904 ΒΛΤ.
266 2859 392 2919 quonam
410 2860 481 2921 ergo
495 2843 555 2905 telo
571 2852 669 2905 tentus
685 2853 786 2906 utetur
801 2843 929 2905 dolori

1102 1370 1145 1419 245

172 2940 251 2988 ΛΤΒ.
267 2927 333 3004 ipso
349 2927 483 3008 Thyeste.

174 3024 248 3072 ΒΛΤ.
514 3015 608 3075 maius
624 3015 680 3075 hoc
695 3016 739 3075 ire
755 3022 799 3076 est
814 3013 934 3076 melum.

144 3111 157 3161 f
209 3109 287 3157 ΛΤΒ.
315 3097 431 3158 Fateor.
458 3098 644 3160 tumultus
660 3109 780 3176 pectora
797 3103 981 3169 attonitus
997 3101 1091 3179 quatit
1107 3114 1153 3166 too

172 3183 349 3260 penitusque
366 3184 466 3253 uoluit,
484 3185 584 3262 rapior
601 3191 630 3245 et
645 3203 714 3262 quo
730 3186 872 3255 nescio,

240 3388 290 3436 237
314 3387 418 3435 errauit
437 3387 462 3435 Α
490 3388 581 3436 erruui
599 3388 624 3438 Ε
658 3384 670 3454 Ι]
704 3389 754 3440 238
776 3388 854 3439 nulle
878 3388 964 3440 nostri
984 3385 1091 3453 (nostm

173 3451 244 3517 ψ)Α
268 3453 344 3502 nulla
363 3455 559 3519 generisque
593 3452 605 3521 Η
645 3457 696 3508 244
713 3459 816 3508 iactent
833 3458 858 3507 E
880 3462 1001 3508 mactem
1019 3459 1045 3513 A
1069 3454 1081 3524 ΙΙ

40 3558 113 3701 N
174 3520 223 3569 248
242 3524 406 3586 impetretur
424 3539 442 3572 α
471 3519 482 3588 Η
