2326 3922
428 199 608 248 THYES'PES

67 341 137 421 quid
153 341 191 399 sit
207 338 285 418 quod
301 338 417 410 horres,
434 338 490 400 ede
509 347 538 400 ct
553 342 706 400 auctorem
721 337 826 398 iudica.
927 367 929 370 >

67 445 128 486 non
144 443 257 503 quaero
273 425 338 501 quis
353 425 400 492 sit,
416 425 469 484 sed
485 430 561 484 uter.
591 422 711 484 ellare
726 424 818 483 ocius.
1001 438 1051 487 640

31 551 46 582 e
111 523 216 569 nvn'r.
238 508 273 569 ln
289 525 360 568 arce
373 525 489 568 summa
504 507 641 587 pelopiae
656 524 726 586 pars
742 507 905 568 estdornus
999 518 1022 569 Q·
1033 518 1087 559 XVI

68 611 213 655 conuersa
231 592 266 652 ad
283 599 409 661 austros,
429 597 514 653 cuius
530 601 694 653 extremum
710 591 787 652 latus
903 624 907 632 ,
931 602 1089 646 RCXXVHH

68 677 192 757 aequale
207 679 302 738 monti
317 678 426 737 crescit
441 684 530 754 atque
545 677 650 738 urbem
666 677 775 753 premit

68 775 97 824 et
112 771 317 822 contumacem
332 760 455 838 regibus
470 761 615 841 populum
631 763 692 822 suis
972 821 974 825 ,

67 847 158 908 habet
173 846 227 906 suh
244 847 314 906 ictu.
341 844 435 924 fulget
448 846 497 906 hic
511 846 618 906 turbae
634 863 726 923 capax
1005 862 1054 912 645

67 936 189 992 inmane
204 938 330 999 tectum,
348 936 432 990 cuius
447 939 565 991 auratas
579 930 680 990 trabes

68 1017 159 1077 uariis
175 1014 329 1075 columnae
344 1013 460 1074 nobiles
474 1014 598 1075 maculis
614 1014 722 1076 lerunt.

66 1109 137 1178 post
152 1103 206 1159 ista
221 1099 311 1176 uulgo
327 1104 396 1159 nota
412 1117 488 1177 quae
504 1099 606 1177 populi
622 1099 730 1168 colunt,

67 1188 99 1246 in
115 1183 205 1244 multa
221 1183 305 1243 dines
320 1184 413 1261 spatia
428 1183 553 1244 discedit
568 1184 683 1244 domna.

30 1286 55 1346 o'
112 1273 228 1330 Arcana
242 1269 275 1327 in
289 1269 349 1328 imo
364 1269 448 1345 regio
463 1287 582 1329 secessu
598 1271 681 1336 iacet,

69 1353 128 1414 alta
144 1358 294 1412 uetustum
309 1351 386 1413 ualle
401 1369 584 1431 conpesceus
599 1368 714 1422 nemus,

66 1436 222 1516 penetrale
237 1439 338 1515 regni,
354 1435 435 1497 nulla
450 1455 508 1514 qua
524 1437 616 1498 laotos
631 1437 707 1496 solet

67 1521 216 1601 praebere
231 1539 330 1582 ramos
346 1520 436 1581 arbos
451 1529 501 1581 aut
516 1523 598 1582 lerro
615 1521 680 1590 coli,

67 1607 121 1667 sod
139 1616 223 1666 taxus
239 1613 268 1666 et
283 1622 442 1683 cupressus
459 1615 488 1666 et
502 1607 587 1684 nigra
603 1605 670 1666 ilice

68 1691 199 1752 obscura
214 1688 400 1759 nutatsilua,
418 1708 507 1768 quarn
522 1709 613 1768 supra
630 1691 762 1751 eminens

67 1777 222 1853 despectat
236 1773 294 1834 alte
310 1792 438 1853 quercus
453 1782 483 1834 et
499 1775 590 1835 uincit
604 1793 719 1836 nemus.

67 1862 142 1921 hinc
158 1859 305 1938 auspicari
320 1876 413 1936 regna
428 1857 600 1920 Tantalidae
616 1859 720 1927 solent,

68 1947 142 2005 hinc
156 1951 261 2022 petere
276 1943 360 2003 lassis
376 1943 468 2004 rebus
483 1962 518 2004 ac
533 1943 629 2005 dubiis
645 1962 742 2023 opem.

41 2046 58 2066 ”
112 2029 208 2089 Allixa
223 2026 379 2088 inhaerent
394 2029 486 2096 dona,
502 2029 622 2090 uocales
636 2029 726 2090 tubae
746 2038 749 2042 '

69 2114 219 2189 fractique
235 2129 341 2172 currus
356 2111 451 2192 spolia
466 2115 690 2191 myrtoimaris,

70 2199 228 2274 uictaeque
243 2193 323 2256 latus
338 2196 443 2257 axibus
458 2198 590 2276 pendent
605 2207 697 2266 rotae,

70 2291 100 2343 et
115 2299 204 2341 omne
219 2282 316 2358 gentis
331 2280 455 2351 lacinus,
471 2283 529 2342 hoc
545 2282 689 2361 phrygius
703 2281 770 2342 loco

68 2368 147 2427 fixus
163 2367 251 2425 tiaras
265 2365 397 2445 Pelopia,
414 2365 464 2426 hic
479 2366 589 2444 praeda
606 2368 735 2427 hostium

71 2460 100 2510 et
117 2451 155 2510 de
169 2449 322 2526 triumpho
337 2452 417 2530 picta
431 2447 591 2510 barbarico
608 2450 748 2528 chlamys.

71 2537 139 2594 lons
154 2543 211 2594 stat
225 2535 280 2593 sub
296 2534 402 2594 umbra
419 2537 511 2596 tristis
527 2543 556 2594 el
572 2538 656 2614 nigra
673 2537 758 2612 piger

72 2653 266 2663 -...—--——-

140 2705 190 2753 639
215 2702 284 2753 effer
302 2686 427 2754 autorem
445 2705 470 2754 A
501 2704 551 2753 ede
570 2710 599 2754 et
617 2709 758 2754 auctorem
775 2703 801 2753 E
824 2699 836 2770 Η
860 2705 911 2754 640
934 2719 990 2753 non

70 2785 175 2834 quaero
194 2771 256 2834 quis
278 2772 316 2820 sit
334 2770 383 2822 sed
400 2778 424 2835 ψ
447 2774 508 2835 (nisi
524 2775 593 2837 quod
609 2788 660 2823 non
682 2775 756 2822 nulli:
779 2786 835 2821 non
853 2773 914 2835 quia
932 2770 990 2831 aad,

72 2841 126 2888 uel.-
145 2852 203 2887 non
220 2837 285 2901 quid
301 2839 338 2888 sit
355 2837 416 2899 sadi
440 2855 495 2890 non
514 2855 617 2904 quaero
637 2840 699 2904 quis
718 2840 767 2890 ssd
786 2855 805 2888 α
832 2854 887 2888 non
906 2854 989 2904 quero

73 2905 136 2969 quid
156 2907 194 2954 sit
211 2905 260 2955 sed
276 2906 376 2956 ΕΕΕΕ
398 2901 411 2973 [l
439 2907 487 2956 641
506 2907 615 2972 pelopis
632 2922 696 2972 pars
716 2911 758 2957 est
776 2907 870 2957 domus
888 2914 911 2971 ψ
941 2921 988 2971 po·

72 2973 143 3038 lopia
161 2987 218 3023 uua
236 2978 361 3039 estpars
380 2973 475 3025 domus
494 2991 513 3025 α
529 2976 666 3041 pelopoae
685 2990 750 3039 pars
768 2991 792 3023 e.
812 2975 837 3024 d.
855 2974 895 3023 ΕΕ
913 2975 988 3040 pelo-

73 3056 160 3104 paeae
183 3057 209 3106 p.
229 3056 253 3092 e.
272 3040 298 3091 d.
317 3042 343 3091 E
368 3041 508 3107 pelopiaa
530 3043 581 3095 Bo.
611 3039 623 3109 Η
657 3044 706 3092 647
731 3042 874 3092 columbae
894 3058 913 3092 a
944 3058 989 3093 co-

72 3108 200 3174 lumpnae
223 3109 273 3174 Εψ
303 3106 315 3175 ll
344 3111 394 3160 660
411 3111 491 3175 regia
514 3126 627 3161 recessu
646 3110 670 3159 A
694 3111 805 3174 regiae
835 3125 947 3160 secessu
965 3109 990 3158 E

74 3174 372 3312 uladizlai
386 3173 990 3311 {dissimiliilittoralia

74 3317 173 3376 taequa
184 3312 211 3362 Ε
228 3314 379 3379 uictosque
392 3314 417 3364 A
441 3314 455 3364 f
459 3283 599 3410 altaeque
612 3317 643 3365 oi.
657 3314 733 3364 NHc.
756 3315 938 3375 iunctaeque
958 3313 990 3359 ci.

75 3395 121 3476 βο.
152 3391 175 3532 lh
193 3400 244 3451 663
266 3399 364 3465 pelops
382 3398 408 3448 Ε
437 3394 449 3466 ΙΙ
477 3399 528 3450 664
550 3415 644 3453 camus
662 3398 687 3448 Ε
708 3397 767 3461 (sed
781 3414 799 3447 u
816 3414 832 3448 a
850 3400 908 3446 lm.
921 3410 991 3446 corr.

73 3463 137 3530 ur)
742 3547 788 3610 6*
