2326 3922
107 224 210 273 XLIIII
477 221 677 269 PRAEFATIO

107 385 140 440 ad
162 382 244 439 Theb.
267 381 344 446 402,
365 381 585 455 Zinzerlingi
613 380 853 454 Thuringious
874 379 995 452 (Gothanu

108 469 142 524 oi.
159 467 235 523 iierc.
252 466 324 524 814.

170 553 385 625 Argumenta
408 552 609 624 tragoediarum
631 567 692 607 cum
714 552 803 606 omnia
818 550 995 607 recentioris:

108 635 181 710 ginis
197 637 253 692 sint
269 653 329 692 cum
345 637 395 692 hac
416 636 536 692 editione
550 635 718 708 coniungere
734 635 883 691 noluimus.
914 635 983 690 Sunt

109 729 162 777 tem
179 723 300 794 quinque
316 736 411 777 eorum
427 736 542 794 genera:
567 720 594 775 1.
610 736 680 793 quae
694 720 798 775 ultimis
815 718 963 776 Aldinae
977 719 995 774 io

107 806 231 879 inpressa
253 805 365 862 suntab
382 806 442 878 ipso
459 804 489 860 H.
506 806 656 860 Arruntio
680 805 809 860 uidentur
824 807 995 877 compositae

108 890 135 947 2.
160 897 320 964 argumenta
342 890 470 945 editionis
492 888 703 944 basiliensis
726 889 863 961 descripta
886 897 951 945 sunt
970 904 995 944 ei

107 975 276 1031 'irauethi
297 968 497 1031 coementariis
513 973 649 1045 (continet
669 989 717 1028 eos
739 974 824 1028 codex
844 973 929 1030 hebd.
945 975 995 1028 n]

108 1057 136 1114 3.
160 1060 306 1132 periochae
329 1060 438 1113 nomine
459 1058 597 1113 Lutatii
620 1057 792 1114 Grammatioi
814 1072 829 1112 e
849 1075 901 1114 ms.
926 1058 983 1114 cod

108 1145 226 1216 scriptae
242 1159 256 1198 a
269 1143 387 1214 Georgio
401 1140 526 1198 Fabricio
541 1159 597 1198 non
612 1143 745 1198 Laetantii
760 1149 825 1196 sunt
837 1142 980 1198 Thebaidis

109 1226 197 1284 tianae
217 1228 379 1301 interpretis
394 1227 442 1282 sed
457 1226 635 1283 hibertini
651 1227 805 1282 blussati.
833 1229 995 1300 repperimus

108 1313 136 1367 in
157 1311 235 1367 libris
261 1313 398 1384 gotharis.
423 1331 447 1367 v.
464 1310 583 1368 Scriueri
603 1320 667 1367 nota
689 1320 717 1366 et
732 1309 957 1384 Wollenbergius
978 1311 995 1382 (i

107 1399 138 1452 d.
153 1412 227 1454 x1111
242 1395 347 1470 (1860)
368 1414 393 1470 p.
412 1395 493 1468 717).
538 1394 568 1451 4.
596 1396 714 1468 quaein
736 1395 857 1450 editione
879 1394 995 1467 Gronoui

109 1481 227 1555 singuiis
243 1481 344 1538 fabulis
359 1481 527 1553 praecedunt
543 1479 673 1536 continuit
687 1478 890 1536 barnabins.
922 1479 951 1537 5.
971 1497 995 1536 ar

107 1572 199 1621 menta
220 1567 369 1621 metrica
386 1582 400 1619 a
416 1565 541 1621 Bothio
562 1565 633 1620 edita
650 1572 715 1620 sunt
730 1563 995 1638 hieronymiBai

109 1649 222 1705 Rothius
245 1665 276 1705 ea
299 1649 450 1722 (insumpsit
471 1666 503 1704 ex
520 1649 639 1705 editione
654 1648 771 1704 Coroii
786 1648 961 1705 Pernandi
981 1649 995 1721 (i

110 1733 169 1789 cod.
191 1733 277 1790 Paris.
300 1734 382 1791 8035
407 1751 434 1789 u.
458 1751 540 1807 supra
561 1749 754 1807 p.xxxvr111.
799 1732 995 1807 HieronymiB

109 1834 192 1891 opera
207 1819 315 1890 poetica
330 1819 393 1874 coii.
411 1819 436 1875 J.
451 1818 484 1873 de
499 1819 596 1874 Retzer
610 1817 721 1874 Vindob.
741 1817 820 1874 1791
838 1818 848 1872 Ι
864 1817 946 1890 247).

169 1903 312 1959 Postremo
330 1903 468 1977 quomodo
486 1903 582 1958 harum
597 1903 799 1975 tragoediarum
812 1902 995 1958 edendarum<

107 2003 165 2042 ram
180 1987 252 2042 inter
267 2004 318 2043 nos
334 1989 421 2043 simus
435 1988 529 2060 partiti
550 1994 581 2041 ut
596 1985 727 2042 breuibus
743 1988 933 2050 ostendamus,
955 1988 995 2059 qui

108 2078 224 2144 uterque
241 2071 344 2127 sabulos
366 2073 444 2144 quasi
460 2071 623 2144 peculiarem
640 2071 798 2127 recensendi
814 2071 984 2144 prouinciam

109 2155 193 2228 elegit
214 2154 280 2227 (RP:
304 2155 339 2211 th
355 2154 375 2210 0
390 2156 467 2212 'ind
484 2156 533 2210 ΗΠ
551 2185 586 2194 -
605 2154 662 2211 GR:
685 2155 705 2210 Τ
722 2155 779 2210 iiir.
800 2156 855 2211 Pir.
870 2156 914 2212 ΡΗ
934 2156 958 2210 hi
974 2158 995 2210 01

107 2239 155 2296 sed
170 2242 207 2295 ita
222 2248 253 2295 ut
269 2247 296 2294 et
316 2241 344 2295 iu
360 2239 518 2295 adhibendis
534 2238 640 2295 auxiliis
659 2240 762 2296 criticis
783 2249 811 2294 et
830 2242 858 2295 iu
874 2243 970 2296 metris
985 2258 995 2296 e

106 2324 253 2381 stitnendis
274 2340 323 2380 neo
343 2341 398 2380 non
418 2324 451 2379 in¹
472 2324 669 2397 orthographia
690 2333 718 2379 et
738 2324 818 2380 modo
839 2326 995 2398 interpungi

95 2410 178 2485 ,idem
194 2425 371 2483 sequeremur
386 2409 529 2465 consilium
545 2426 575 2463 ao
591 2410 733 2464 rationem.
764 2409 838 2465 Hanc
853 2409 995 2481 praeiatior

106 2503 134 2550 et
150 2494 252 2550 indices
268 2496 404 2550 communi
419 2493 512 2550 labore
528 2495 733 2566 composuimus.
766 2561 768 2565 Α

167 2609 331 2684 Scripsimus
348 2627 439 2667 mense
455 2613 550 2668 blartio
566 2627 769 2670 uncccnxvn.
