2326 3922
125 219 188 284 476
508 232 651 282 rucunrr

127 375 234 436 Caesar
250 373 378 435 nelandc
395 375 504 434 ciuium
520 373 634 435 scelere
649 374 768 434 occidit.
808 383 810 386 ⁴

127 467 268 538 quantum
285 459 399 519 cruoris
414 460 508 519 Roma
525 476 586 518 non
603 459 677 519 uidit
692 461 736 519 sui

126 544 253 604 lacerata
271 545 385 604 totiens.
416 543 466 603 ille
482 545 533 622 qui
548 545 657 603 meruit
672 545 719 620 pia

127 627 368 688 uirtute-caelum
385 627 471 689 diuus
488 632 638 704 Augustus
654 629 736 688 uirus

127 721 198 792 quot
213 714 363 774 interemit
378 711 491 773 nobiles
506 714 631 773 iuuenes
645 730 732 773 senes
909 787 912 793 Ι

128 815 247 877 sparsos
263 816 317 875 per
333 795 452 866 orbem,
470 816 537 857 cum
553 815 623 858 suos
639 799 745 858 mortis
761 803 844 858 metu

127 882 265 960 lugerent
280 889 402 960 penates
418 890 448 942 et
462 884 551 943 trium
566 883 681 943 terrum
698 882 807 943 ducum

127 966 228 1028 tabula
244 974 366 1027 notante
382 967 497 1027 deditos
512 969 590 1027 tristi
605 968 688 1027 neci‘l

128 1054 259 1128 exposita
275 1053 379 1111 rostris
395 1054 490 1128 capita
507 1069 663 1112 caesorum
680 1059 780 1130 patres

127 1136 230 1196 uidere
245 1137 359 1195 maesti.
393 1135 467 1196 llere
482 1155 539 1196 nec
553 1136 637 1197 licuit
651 1155 735 1206 suus,

127 1239 188 1280 non
204 1239 324 1298 gemere
340 1220 403 1280 dira
419 1220 488 1282 tabe
503 1220 618 1298 polluto
634 1221 699 1281 loru

128 1305 256 1366 stillante
271 1307 353 1364 sanie
368 1323 423 1382 per
437 1312 542 1384 putres
557 1305 656 1367 uultus
672 1308 767 1382 graui.

129 1409 185 1451 nec
200 1391 266 1450 finis
281 1391 329 1449 hic
345 1392 461 1452 cruoris
477 1399 528 1450 aut
543 1391 641 1451 caedis
657 1393 751 1451 stetit:

128 1493 240 1553 pauere
257 1474 396 1535 uolucres
412 1482 440 1536 et
456 1477 535 1536 ieras
551 1494 656 1536 saeuas
672 1475 721 1536 diu

128 1561 227 1619 tristes
243 1558 380 1638 Philippi.
411 1560 510 1621 hausit
526 1568 555 1621 et
569 1560 694 1621 siculum
711 1579 795 1621 mare

129 1644 237 1703 classes
253 1645 394 1722 uirosque
409 1648 502 1705 caede
512 1646 677 1721 perdentes
693 1663 773 1705 suos.

129 1746 289 1788 concussus
306 1726 387 1788 orbis
403 1728 516 1789 uiribus
531 1732 646 1807 magnis
662 1730 781 1790 ducum.

129 1820 284 1891 superatus
301 1815 363 1872 acie
378 1813 527 1891 puppibus
543 1814 640 1875 Nilum
657 1816 730 1893 petit

129 1898 216 1975 lugac
232 1899 358 1976 paratis,
376 1901 439 1975 ipse
454 1900 606 1975 periturus
621 1899 708 1960 hreui

130 2068 227 2127 hausit
243 2086 379 2129 cruorem
395 2070 506 2128 incesta
522 2070 638 2129 romani
654 2069 737 2129 ducis

130 2153 278 2229 Aegyptus
294 2153 417 2222 iterum,
434 2170 513 2213 nunc
531 2153 612 2214 leues
628 2153 749 2213 umbras
765 2156 849 2233 tegit.

130 2236 188 2295 illic
205 2236 352 2315 sepultum
370 2246 413 2296 est
428 2239 518 2315 impie
534 2248 649 2315 gestum
666 2239 713 2299 diu
1043 2234 1071 2287 53⁵

198 2409 247 2457 515
265 2422 343 2456 roma
362 2422 417 2455 non
436 2424 457 2455 ω
475 2371 562 2456 Roma
581 2412 659 2456 tunc
679 2405 720 2473 αΙΙ
732 2409 782 2458 518
802 2409 876 2470 quod
894 2405 1035 2473 31311519

129 2490 240 2539 sparsos
253 2477 278 2524 A
291 2477 354 2524 313
371 2490 536 2538 sparsosque
549 2475 570 2524 C
582 2477 726 2539 sparsique
739 2478 765 2524 in
776 2492 859 2541 uturp.
872 2477 889 2526 l'
903 2472 1036 2542 sparsosB

130 2544 233 2605 sparsit
246 2557 299 2605 que
311 2544 374 2592 312
387 2547 476 2592 metus
488 2543 514 2592 B
526 2539 538 2608 ΙΙ
551 2545 600 2594 520
614 2544 711 2607 fugent
723 2544 744 2592 G
756 2544 857 2609 fugere
875 2547 903 2595 V
912 2540 1036 2595 ferruml

129 2643 236 2704 ferocu3
254 2644 317 2692 313
338 2640 350 2708 Η
372 2645 419 2692 521
439 2649 555 2694 notante
575 2644 599 2692 Α
631 2648 745 2694 natante
768 2646 796 2693 V
810 2622 877 2696 uhta
897 2647 961 2696 313
976 2642 988 2710 ΙΙ
1002 2643 1039 2696 622

128 2711 226 2758 rostris
240 2713 334 2772 capita
348 2726 490 2761 caesorum
503 2716 598 2776 patres
607 2713 771 2773 Acesorum
786 2715 883 2776 capita
895 2716 992 2765 rostris
1003 2727 1039 2778 pse

129 2777 180 2825 tris
198 2777 261 2825 313
282 2775 293 2842 ΙΙ
314 2779 364 2826 524
382 2793 434 2828 nec
457 2781 484 2829 V
493 2776 504 2844 ll
521 2780 588 2829 rahe
607 2781 672 2829 313
689 2776 701 2845 ΙΙ
718 2780 792 2829 ferro
810 2781 832 2830 G
851 2782 914 2831 foro
933 2798 1000 2832 corr.
1016 2794 1040 2828 es

128 2846 202 2894 ferro
215 2843 240 2891 B
257 2840 269 2910 [Ι
285 2847 335 2894 525
352 2844 448 2896 ull'tus
460 2848 524 2897 313
536 2845 548 2914 Η
561 2848 610 2898 526
622 2863 673 2896 nec
686 2846 762 2896 cedis
778 2850 807 2897 V
817 2845 830 2912 ll
853 2851 905 2899 52⁷
918 2864 999 2900 senas
1012 2848 1040 2896 le·

129 2928 175 2962 ras
193 2913 254 2962 312
277 2910 289 2979 l}
312 2915 362 2963 528
385 2914 504 2979 philippi
521 2915 616 2965 hausit
634 2916 718 2964 etiam
738 2914 762 2962 A
793 2915 896 2981 philipi
914 2918 1009 2966 hausit
1022 2918 1041 2961 et

129 2983 233 3031 31213
249 2982 323 3046 Gph.
336 2983 445 3030 mersit
458 2987 486 3032 et
498 2985 528 3032 ci.
545 2985 621 3033 Gran.
636 2982 773 3032 exhausit
785 2982 836 3035 Bo.
850 3001 907 3033 ema
920 2984 1040 3034 Ascensiu.

129 3049 250 3097 sorbsit
268 3051 343 3098 NHs.
364 3050 480 3113 rapuit
498 3054 670 3112 coniecerant,
689 3053 738 3100 sed
753 3053 850 3101 rectius
863 3052 920 3101 RP.
940 3059 1042 3102 atemere

128 3118 230 3164 uidetur
246 3118 358 3179 periisse
376 3123 434 3167 ente
453 3118 547 3167 hausit
564 3123 613 3169 due
632 3118 794 3168 hemistichia.
819 3116 831 3185 ll
856 3121 1042 3182 assultusque

128 3198 213 3247 saepe
233 3182 332 3248 (saepe
350 3201 396 3234 orn.
415 3185 490 3247 312)
520 3186 668 3237 caedentes
685 3200 749 3236 suos
765 3203 787 3236 ω
815 3187 950 3252 uirosque
972 3198 1043 3250 saepe

128 3267 177 3317 per
191 3252 305 3300 caedem
318 3254 384 3301 suis
397 3257 428 3304 ci.
443 3254 519 3306 NHs.
538 3256 669 3317 uirosque
688 3252 787 3303 caede
807 3255 974 3318 perdentes
992 3264 1043 3304 snus

127 3320 229 3384 scripsi.
244 3316 255 3384 ΙΙ
268 3323 318 3370 530
338 3325 380 3369 est
392 3321 465 3369 orbis
488 3318 596 3388 V11532
614 3324 775 3372 intercidisse
787 3337 881 3373 censeo
894 3339 993 3373 uersum
1005 3333 1042 3387 pul

127 3390 237 3436 Atrtoniz'
252 3389 326 3450 facta
344 3396 402 3438 erat
423 3392 524 3440 mentio.
537 3389 548 3456 ll
561 3395 611 3442 533
629 3388 672 3437 Se
692 3390 787 3439 hausit
809 3391 835 3439 V
849 3386 862 3455 ΙΙ
879 3393 993 3441 incesta
1011 3403 1042 3438 ro·

127 3457 203 3502 mani
222 3455 299 3504 ducis
318 3457 343 3504 Α
361 3457 454 3505 icesth
473 3461 561 3508 rumai
581 3460 665 3509 decus
683 3458 760 3507 ducis
780 3457 879 3519 (decus
898 3462 967 3509 linea
985 3459 1041 3508 dele·

124 3522 188 3587 tum)
208 3522 273 3576 313
285 3520 298 3593 ll
311 3526 361 3577 534
378 3524 479 3574 umhra
497 3526 645 3591 meuses
662 3525 817 3588 sepulcrum
836 3527 901 3576 312
925 3524 938 3593 fl
