2326 3922
155 213 196 278 76
432 229 464 274 c.
481 228 614 276 anunm
631 227 788 276 sennenn

153 374 293 446 tutusque
309 385 411 428 mensa
427 369 542 446 capitur
558 375 681 445 angusta
697 364 791 428 cibus.
856 376 859 391 ¹

152 470 302 513 uenenum
319 453 348 513 in
363 469 438 513 auro
452 451 573 536 bibitur.
603 459 744 529 expertus
758 448 880 530 loquor:
1052 467 1075 508 r.
1086 467 1163 510 cxxv

153 535 258 596 malam
274 535 370 597 bonae
386 537 539 615 praeferre
554 536 704 597 fortunam
720 536 798 596 lieet.
1005 586 1008 590 ,

118 623 142 684 e‘
196 621 274 681 Non
289 624 401 683 uertice
416 620 467 681 alti
481 621 590 682 montis
604 621 761 699 inpositam
776 619 898 682 domum
1091 624 1137 676 455

154 713 183 766 et
198 707 377 767 eminentem
392 706 495 766 ciuitas
508 705 631 766 humilis
646 706 754 772 tremit,

152 807 219 850 nec
234 790 326 868 fulget
342 789 407 852 altis
422 789 608 868 splendidum
623 789 710 851 tectis
726 787 809 857 ebur,

153 893 331 955 somnosque
346 892 418 935 non
434 874 566 936 defendit
582 873 738 936 excubitor
753 890 846 934 meos.

152 976 223 1019 non
240 958 383 1020 classibus
397 960 547 1038 piscamur
563 967 592 1019 et
606 966 688 1019 retro
704 975 787 1019 mare

153 1044 228 1103 iacta
244 1044 381 1119 fugamus
397 1043 474 1103 mole
491 1062 556 1104 neo
571 1050 708 1104 uentrem
722 1040 894 1120 improbum
1091 1047 1139 1098 460

154 1126 258 1188 alimus
272 1127 384 1189 tributo
401 1129 549 1206 gentium:
566 1126 693 1188 nullus
707 1126 781 1187 mihi

153 1210 229 1272 ultra
247 1212 334 1273 Getas
349 1220 478 1273 metatur
493 1218 521 1273 et
535 1212 662 1273 Parthos
677 1228 757 1289 ager.

115 1296 147 1355 e''
198 1296 274 1357 Non
289 1305 356 1357 ture
372 1295 497 1357 colimur
513 1314 580 1357 neo
595 1314 680 1357 meae
696 1293 816 1370 excluso
831 1293 902 1357 loue
968 1346 971 1353 ,

154 1389 297 1441 ornantur
313 1400 398 1451 orae,
416 1380 516 1443 nulla
534 1379 711 1442 culminibus
726 1381 801 1441 meis

152 1466 280 1542 inposita
297 1474 381 1526 nutat
396 1466 487 1536 silua,
503 1483 570 1527 nec
585 1466 702 1548 inruant
716 1480 806 1526 manu

153 1567 295 1610 succensa
312 1550 403 1611 multa
418 1559 536 1629 stagna,
554 1568 620 1611 nec
641 1566 746 1610 somno
764 1549 827 1609 dies

153 1631 325 1712 bacchoque
341 1653 400 1695 nox
416 1635 564 1714 iungenda
580 1632 718 1714 peruigili
733 1633 834 1695 datur:

153 1717 204 1778 sed
220 1736 281 1777 non
296 1721 444 1790 timemur,
462 1728 523 1781 tuta
538 1721 602 1780 sine
617 1717 675 1779 telo
691 1725 736 1778 est
751 1717 856 1778 domus

152 1801 303 1880 rebusque
318 1806 419 1881 paruis
436 1803 492 1864 alta
508 1811 675 1882 praestatur
690 1792 784 1880 quies‘.

152 1888 271 1948 inmane
287 1906 413 1967 regnum
431 1897 475 1950 est
489 1907 578 1968 posse
593 1889 657 1950 sine
672 1902 766 1964 regno
782 1887 854 1965 pati.
1090 1894 1141 1943 470

59 1987 61 1991 ·
119 1972 144 2028 d'
200 1985 303 2032 rnnr.
327 1973 388 2034 Nec
403 1973 592 2034 abnuendum
608 1979 665 2040 est,
683 1972 707 2031 si
723 1971 773 2032 dat
787 1969 945 2049 imperinm
962 1969 1048 2032 deus.

153 2069 235 2116 THY.
266 2075 320 2117 neo
336 2058 533 2136 adpetendum
551 2064 604 2132 est.

153 2154 256 2199 rann.
636 2142 755 2201 irater
771 2147 804 2199 ut
820 2156 926 2216 regnes
941 2147 1039 2215 rogat.

152 2238 232 2284 THY.
257 2226 360 2303 rogat?
375 2227 538 2287 timendum
555 2234 608 2288 est.
633 2232 713 2285 errat
727 2225 777 2285 hic
792 2224 897 2301 aliquis
913 2223 1009 2285 dolus

152 2309 254 2369 TAN'T.
279 2311 378 2371 redire
393 2313 487 2390 pietas
502 2310 582 2371 unde
598 2317 746 2379 summota
761 2317 805 2370 est
820 2309 904 2377 solet,

151 2401 331 2474 reparatque
347 2397 426 2456 uires
442 2396 534 2456 iustus
550 2397 673 2456 amissas
688 2412 781 2455 amor.
1088 2399 1140 2448 475

113 2477 138 2536 α’
193 2492 274 2538 THY.
303 2482 388 2540 Amat
403 2480 550 2558 Thyesten
567 2481 676 2540 irater?
693 2480 847 2541 aethereas
861 2476 944 2556 prius

151 2561 311 2640 perfundet
324 2564 430 2624 Arctos
445 2573 554 2642 pontus
570 2573 599 2626 et
613 2564 697 2624 siculi
712 2582 803 2643 rapax

152 2649 295 2706 consistet
312 2656 411 2709 aestus
427 2649 505 2709 unda
522 2657 551 2709 et
566 2651 645 2710 ionio
661 2666 746 2726 seges

150 2738 265 2790 matura
282 2730 387 2809 pelago
404 2741 508 2810 surget
523 2740 552 2792 et
566 2733 662 2794 lucem
679 2732 760 2794 dabit

152 2833 209 2874 nox
226 2823 289 2875 atra
307 2817 407 2887 terris,
425 2823 492 2876 ante
508 2835 575 2878 cum
591 2818 717 2879 flammis
733 2836 826 2897 aquae

152 2917 219 2958 cum
237 2908 331 2961 morte
347 2903 407 2961 uita
424 2919 492 2962 eum
508 2904 584 2962 mari
598 2912 705 2964 uentus
723 2903 811 2963 fidem

149 3069 355 3078 ᾕ-

216 3171 267 3219 452
290 3175 417 3237 totosque
436 3172 461 3220 E
484 3176 613 3237 tutusque
632 3173 658 3222 Α
685 3169 696 3238 Η
726 3180 844 3238 angusta
863 3173 941 3224 cibus
960 3173 986 3223 E
1009 3171 1069 3237 (litt.

149 3236 369 3303 otocieo2m.)
391 3237 402 3305 ΙΙ
425 3243 475 3291 460
493 3242 586 3290 nonA
603 3256 656 3290 nec
669 3242 717 3291 ER
739 3237 751 3307 ΙΙ
774 3242 824 3291 462
842 3242 994 3292 metitnrA
1011 3256 1070 3292 mo-

149 3309 224 3355 tatur
243 3307 297 3358 eMl
314 3325 355 3357 un.
369 3324 404 3358 ex
416 3309 518 3358 Paltll
541 3305 553 3373 11
581 3311 631 3359 467
650 3309 775 3360 ducenda
788 3309 813 3359 A
836 3308 979 3375 iungenda
996 3309 1023 3359 Ε
1046 3305 1059 3375 ΙΙ

148 3375 198 3424 468
218 3375 344 3426 timemus
364 3392 382 3425 oc
409 3377 538 3426 timemur
555 3376 605 3426 ΕΒ
639 3372 651 3443 ΙΙ
685 3380 734 3427 471
755 3381 798 3428 est
816 3390 830 3429 ε
848 3377 934 3428 emti
969 3373 981 3443 ΙΙ
1018 3379 1070 3427 472

148 3441 229 3493 THY.
244 3444 269 3493 Α
287 3460 335 3496 orn.
350 3444 376 3492 E
404 3440 416 3510 Η
444 3443 525 3494 ostE
542 3460 587 3495 om.
602 3445 628 3493 Α
656 3442 667 3510 ΙΙ
695 3445 764 3509 Phy.
784 3445 910 3496 fruterA
929 3445 999 3509 Phy.
1021 3461 1068 3496 om.

147 3507 173 3555 E
201 3506 214 3576 ΙΙ
242 3512 361 3563 ΤΑΝΤ.
380 3513 468 3562 frater
484 3513 580 3576 scripsi
601 3507 614 3577 ΙΙ
