2326 3922
474 194 627 242 ocrnvtn

87 339 178 396 uince
194 341 224 396 et
239 333 377 395 uolucres
391 334 586 394 Pandionias:

87 422 213 497 grauior
229 438 356 498 namque
371 419 416 478 his
432 418 548 479 fortuna
565 427 614 480 tua
632 430 685 481 est.

133 590 260 666 Semper
275 588 401 666 genitrix
417 587 552 650 deflenda
569 588 641 649 mihi

90 676 186 751 prima
201 690 337 732 meorum
354 690 440 732 eausa
457 672 602 733 malorum

91 760 192 818 tristes
207 765 328 835 questus
343 765 430 817 natae
445 757 565 826 exaudi,

91 844 117 902 si
131 844 198 921 quis
213 849 348 902 remanet
362 859 467 901 sensus
482 844 512 902 in
528 841 652 902 umbris.

134 1012 249 1071 Vtinam
266 1018 332 1070 ante
348 1028 437 1070 manu
453 1010 621 1088 grandaeua
637 1028 688 1072 sua

92 1114 156 1156 mea
172 1097 302 1173 rupisset
316 1095 440 1154 stamina
457 1094 575 1165 Clotho,

91 1190 142 1240 tua
158 1198 246 1259 quam
263 1197 399 1240 maerens
415 1179 538 1248 uulnera
555 1181 615 1240 uidi

92 1283 205 1343 oraque
221 1263 308 1324 suedo
324 1282 426 1343 sparsa
443 1282 559 1325 cruore.

134 1433 160 1494 0
175 1432 225 1493 lux
240 1449 359 1511 semper
375 1434 490 1494 iunesta
505 1433 593 1504 mihi,

89 1527 226 1596 tempore
242 1517 279 1578 ab
296 1515 345 1576 illo

91 1620 150 1662 nox
167 1621 199 1663 es
212 1601 344 1663 tenebris
359 1605 454 1662 inuisa
471 1605 573 1679 magis.

89 1686 211 1747 tulimus
226 1704 331 1747 saeuae
345 1688 425 1748 iussa
441 1705 589 1748 nouercae

90 1769 228 1832 hostilem
245 1772 374 1831 animum
391 1771 550 1850 unitusque
565 1779 674 1833 truces.

132 1939 185 2001 Ilia
198 1939 248 2000 iila
264 1940 337 2001 meis
352 1940 444 1999 tristis
461 1940 565 2019 Erinys

89 2023 226 2085 thalamis
240 2025 351 2104 stygios
367 2026 506 2101 praetulit
520 2027 606 2102 ignes

89 2119 181 2189 teque
197 2110 321 2169 extinxit
336 2109 503 2170 miserande
518 2127 559 2188 pa
569 2117 625 2170 ter

89 2194 179 2254 mode
196 2195 243 2254 eui
259 2199 338 2254 totus
353 2196 451 2272 paruit
465 2194 547 2255 orbis

89 2277 168 2338 nitra
184 2295 328 2339 oceanum

90 2364 198 2441 cuique
214 2362 347 2423 Britanni
362 2369 445 2439 terga
460 2363 570 2425 dedere

88 2446 216 2508 ducibus
230 2448 339 2507 nestris
355 2456 423 2508 ante
438 2450 531 2524 ignati

88 2533 222 2610 iurisque
237 2533 291 2592 sui.

131 2701 272 2776 Coniugis
288 2699 345 2761 heu
361 2718 409 2761 me
425 2710 532 2781 pater
546 2702 661 2764 insidiis

87 2802 233 2865 oppresse
248 2785 325 2845 iaces

87 2965 292 2974 .....--—-—--

156 3073 174 3122 8
193 3077 222 3122 et
239 3088 286 3123 om.
303 3073 329 3122 V
338 3073 400 3122 nm
412 3069 451 3139 {19
469 3089 586 3138 nemque
605 3074 649 3124 his
668 3074 781 3140 grauior
799 3075 959 3125 coniecerant
977 3076 1009 3126 de

87 3141 149 3192 Seu.
167 3146 238 3205 drap.
256 3146 322 3191 arcet.
339 3157 368 3204 p·
381 3143 406 3199 4,
423 3142 473 3191 sed
489 3157 567 3192 cama
584 3148 657 3192 mans
677 3143 772 3193 oaenda'
787 3143 885 3192 roditur
902 3144 1009 3194 dimetro

87 3204 325 3273 meratenam
343 3211 387 3258 est
404 3209 430 3258 Α
450 3212 492 3259 est
509 3225 555 3260 om.
574 3210 638 3260 leta
649 3159 711 3276 isio
729 3224 893 3276 semperque
912 3209 933 3260 Ο
949 3207 961 3277 [i
978 3213 1009 3260 12

87 3280 155 3328 nate
167 3279 281 3342 questus
293 3276 357 3326 th
370 3273 382 3342 ΙΙ
395 3279 427 3328 13
439 3283 564 3329 remanet
577 3277 634 3328 Oia
645 3293 692 3342 nep.
705 3294 838 3342 suprascr.
852 3280 881 3327 in
892 3275 904 3345 ΙΙ
917 3279 948 3326 16
961 3282 1011 3326 tue

87 3359 172 3408 quem
190 3344 216 3392 A
228 3343 293 3394 1313
315 3347 417 3410 tueque
439 3346 467 3394 V
486 3341 498 3411 {i
520 3348 554 3397 20
570 3346 618 3395 lux
637 3350 679 3396 est
698 3347 797 3398 Ama
815 3360 870 3395 nux
888 3349 931 3396 est
948 3345 1010 3395 1312

90 3413 189 3464 Vitrat.
207 3425 262 3471 nux
274 3425 304 3461 es
316 3411 366 3463 Bo.
384 3409 396 3479 Η
412 3413 504 3463 inuisa
517 3414 600 3464 meis
617 3415 650 3469 ei.
669 3413 806 3465 Swoboda.
826 3410 838 3479 ΙΙ
858 3415 892 3465 25
909 3414 1010 3477 Meque

87 3475 224 3546 R13ss28
241 3477 391 3530 dederunt
409 3480 519 3532 BSedm.
538 3483 587 3532 aed
602 3482 637 3546 ef.
655 3499 680 3534 u.
693 3484 742 3533 ‘191
763 3478 777 3550 ss
