2326 3922
189 183 252 250 278
467 201 498 247 u.
523 200 656 248 anunm
679 201 837 252 sunnone

190 344 286 412 uiuat,
303 359 357 419 per
373 339 463 400 urbes
480 349 560 401 erret
575 341 693 418 ignotas
709 359 799 420 egens
833 398 837 405 .

191 426 258 487 exui
274 443 387 505 pauens
403 427 515 487 inuisus
531 425 637 485 incerti
653 424 736 499 laris,

191 530 237 571 me
254 513 408 589 coniugem
426 517 523 588 optet,
539 509 630 571 limen
647 510 775 573 alienum
792 522 911 593 expetat

189 599 246 656 iam
262 603 349 656 notus
365 597 490 674 hospes,
508 613 627 673 quoque
643 614 703 657 non
719 596 796 660 aliud
813 618 922 678 queam
988 650 991 655 .

189 683 274 759 peius
290 683 421 761 precari,
439 680 549 742 liberos
565 679 678 742 similes
693 685 769 760 patri

189 766 358 846 similesque
373 768 469 826 matri.
501 773 584 843 parta
601 767 659 826 iarn
676 776 759 844 parta
776 766 849 830 uitio
866 778 926 831 est:

190 853 302 930 peperi.
334 849 470 930 querelas
486 851 640 926 uerbaque
656 853 805 912 incassum
821 872 899 915 sero.
919 889 954 898 —

154 937 180 994 b'
232 937 296 996 Non
313 936 362 996 ibo
377 938 406 994 in
424 936 540 995 hostes?
562 936 699 996 manibus
710 939 862 998 'excutiam
878 939 957 1000 iaces

190 1019 330 1098 caeloque
345 1018 461 1081 lucem?
485 1028 599 1096 spectat
613 1022 672 1081 hoo
687 1023 781 1082 nostri
796 1030 877 1083 sator

190 1104 239 1165 Sol
256 1105 372 1183 generis
389 1103 418 1164 et
432 1113 583 1182 spectatur
601 1114 632 1166 et
646 1124 737 1167 curru
752 1101 884 1168 insidens

189 1209 243 1268 per
259 1188 342 1249 solita
359 1191 426 1270 puri
443 1190 535 1269 spatia
553 1190 686 1251 decurrit
701 1190 777 1272 poii‘?

189 1293 250 1334 non
266 1274 386 1335 reditio
403 1284 485 1334 ortus
502 1285 530 1337 et
545 1278 700 1338 remetitur
717 1276 812 1336 diem?

189 1361 224 1419 ria
241 1359 277 1419 da
293 1377 449 1436 per'auras
465 1360 604 1422 curribus
620 1361 724 1440 patriis
740 1361 819 1422 uehi.

190 1448 331 1505 conmitte
348 1445 479 1507 habenas
496 1446 613 1521 genitor
631 1454 661 1506 et
674 1444 869 1524 flagrantibus

189 1529 312 1606 igniiera
328 1527 399 1590 loris
414 1531 512 1590 tribue
528 1529 679 1592 moderari
694 1534 771 1608 iuga.

191 1613 322 1693 [pentina
339 1617 495 1676 Corinthos
510 1617 595 1679 h'tori
610 1633 766 1693 opponens
781 1633 885 1677 moras

188 1706 323 1760 cremata
336 1705 466 1777 flammis
481 1705 582 1763 marta
598 1705 764 1763 committet
779 1699 865 1781 aaa]

156 1808 172 1840 a
232 1784 294 1844 Hoc
310 1794 401 1845 restat
417 1803 524 1857 unum,
540 1785 709 1863 pronubam
725 1784 854 1846 thalamo
871 1785 963 1846 ieram

189 1878 221 1927 ut
235 1871 296 1947 ipsa
313 1872 415 1949 pinum
432 1880 558 1950 postque
575 1871 722 1933 sacrificas
738 1889 843 1948 preces

190 1953 310 2014 caedam
327 1955 428 2014 dicatis
443 1959 580 2016 uictimas
597 1956 747 2016 altaribus.

189 2058 242 2115 per
258 2040 375 2101 uiscera
394 2041 457 2116 ipsa
474 2058 584 2116 quaere
599 2040 743 2118 supplicio
759 2041 848 2101 uiam.

190 2126 213 2182 si
229 2124 305 2183 uiuis
321 2127 418 2185 anime
435 2126 459 2185 si
476 2124 546 2203 quid
563 2127 674 2204 antiqui
689 2124 741 2185 tihi

189 2216 323 2268 remanet
340 2211 468 2287 uigoris,
487 2209 562 2288 pelle
579 2212 722 2271 femineos
738 2215 843 2269 metue.

193 2291 235 2371 [et
249 2296 460 2371 inhospitalem
478 2298 647 2358 Caucasum
662 2302 759 2354 mente
773 2292 879 2374 indae]

157 2375 180 2432 a'
234 2377 447 2458 Quodcumque
462 2381 537 2441 uidit
551 2381 664 2441 Pontus
679 2387 730 2440 aut
743 2378 846 2438 Phasis
861 2379 960 2448 netas,

191 2461 301 2522 uidehit
316 2464 452 2525 isthmos.
484 2467 574 2526 eil'era
589 2468 690 2542 ignota
706 2462 830 2525 horrida

191 2549 343 2608 tremenda
361 2551 441 2610 caclo
457 2551 568 2629 pariter
585 2569 619 2610 ac
635 2550 722 2610 terris
738 2545 814 2608 mala

194 2717 353 2725 ———.-.-..-
361 2722 395 2727 ...-

257 2855 290 2902 20
313 2828 387 2904 θπὲῑ
405 2854 429 2903 Ε
456 2855 482 2917 (e
502 2871 571 2918 supe.
591 2857 606 2902 2
625 2852 670 2917 m.)
702 2855 775 2902 erret
793 2851 818 2900 Α
847 2847 852 2916 Ι
889 2820 1085 2916 hhparintfii'

190 2918 258 2970 uitio
279 2916 325 2986 ΕΗ
338 2924 370 2972 29
389 2928 530 2987 spectator
548 2923 574 2972 Α
593 2925 736 2986 spectetur
753 2919 838 2969 affe
862 2915 867 2986 Ι
889 2934 984 2970 currus
1001 2917 1022 2966 Ε
1040 2906 1087 2982 1130
1153 2980 1155 2989 Ι

191 2990 269 3036 curui
292 2989 332 3037 ΛΕ
361 2987 372 3057 ΙΙ
402 2993 432 3040 31
457 3006 530 3040 nuno
554 2990 594 3039 aa
623 3004 686 3038 num
706 2988 731 3038 Α
761 3002 816 3038 non
838 2994 878 3053 ψε
906 2983 919 3054 ΙΙ
947 2982 1088 3048 rellmetitur
1153 3006 1155 3013 ·

192 3051 221 3115 ((1
239 3055 319 3119 erar.)
338 3055 431 3122 Ε1132
450 3059 539 3124 patris
558 3058 582 3107 Α
602 3057 700 3122 patriis
719 3058 751 3107 ci.
770 3057 844 3118 Lips.
866 3050 903 3121 εΙΙ
920 3056 954 3106 35
972 3055 1003 3105 36
1019 3055 1088 3102 uerat!

190 3122 237 3171 hoc
261 3126 315 3174 Ioco
340 3128 442 3190 ineptos
464 3129 535 3176 uncie
557 3127 655 3176 inclusi.
680 3125 765 3174 nereio
788 3140 821 3172 aa
845 3125 964 3188 ponendi·
980 3123 1029 3172 rint
1045 3114 1089 3183 poti

190 3206 214 3238 a.
236 3193 293 3242 147.
329 3194 364 3256 cf.
390 3193 461 3245 Ouid.
486 3193 640 3246 met-VII.
666 3195 731 3242 395:
760 3192 981 3257 flagrantemque
1003 3189 1091 3262 domun}

191 3261 265 3324 regis
283 3277 359 3310 mere
378 3262 456 3311 uidet
473 3266 626 3324 utrumque.
640 3257 651 3327 Η
664 3259 819 3310 committat
836 3259 879 3310 Αε
897 3257 1056 3309 committet
1068 3263 1091 3301 a.

192 3362 265 3426 Lips.
290 3359 301 3428 ΙΙ
324 3366 356 3414 37
377 3364 528 3428 prenubem
546 3362 595 3425 Εψ
614 3361 810 3426 pronuhemA
834 3355 847 3428 ΙΙ
869 3362 903 3411 43
922 3335 1093 3411 0ααῖυωὶ

193 3430 219 3488 (o
237 3447 319 3494 apocr.
339 3449 370 3484 ra.
392 3429 421 3495 3)
445 3447 545 3481 caeream
568 3432 659 3482 deterri.
683 3428 695 3496 11
717 3432 752 3480 at
774 3429 872 3496 phasis
896 3433 946 3479 aut
967 3418 1095 3495 ponitis!

190 3502 289 3557 pontus
309 3515 333 3548 e.
354 3499 399 3563 ph.
422 3498 445 3546 Ε
470 3495 481 3564 ΙΙ
