2326 3922
335 177 768 281 euouurssnnvuuuacu.'
818 200 820 204 ‘
959 188 1018 252 121

100 352 226 424 rogante
241 351 333 423 ponat
348 351 450 412 matre,
467 345 592 422 quinon
609 352 653 404 est
669 344 733 420 pius
1073 359 1126 407 400

100 431 224 508 incipiat
238 447 254 489 a
270 447 328 488 me.
359 427 491 488 ieruidos
506 428 629 488 iuuenes
644 444 718 487 anus

100 514 220 578 tenebo.
251 513 363 573 nullum
380 519 455 573 teste
471 531 518 572 me
534 513 585 572 liet
600 511 682 572 nelas
1037 527 1072 575 50

102 608 154 661 aut
169 600 194 658 si
209 597 327 676 aliquod
344 608 373 659 et
388 615 435 656 me
450 605 527 658 teste
542 597 685 657 committi
701 605 798 676 potest

103 701 164 744 non
180 684 231 742 liet
245 700 346 742 unum.

63 769 88 826 e'
144 781 225 828 unu.
378 766 468 844 Signa
484 764 609 826 conlatis
623 765 732 826 micant

103 855 201 913 uicina
217 852 317 930 signis,
342 847 454 910 clamor
468 849 583 909 hostilis
598 849 706 910 lremit.
766 866 771 883 ’
977 893 978 896 ,
1074 881 1123 929 415

103 937 201 997 scelus
217 937 248 995 in
263 937 431 1013 propinquo
448 940 506 994 est:
524 952 636 1012 occupa
652 942 746 994 mater
761 953 875 1014 preces.

103 1028 132 1082 et
149 1039 219 1081 ecoe
234 1028 329 1080 motos
344 1018 461 1080 fletibus
476 1018 580 1079 credas
596 1021 678 1087 meis,
1039 1048 1071 1096 55

102 1107 146 1167 sic
161 1121 269 1181 agmen
284 1105 374 1164 armis
389 1121 480 1182 segne
496 1105 657 1182 conpositis
672 1105 763 1164 uenit.

102 1189 240 1268 procedit
254 1189 332 1250 acies
347 1188 440 1257 tarda,
457 1188 510 1248 sed
524 1195 688 1267 properant
703 1189 803 1248 duces.

64 1271 90 1331 f'
146 1286 216 1334 100.
240 1272 312 1342 Quis
327 1291 376 1332 me
390 1271 538 1350 procellae
553 1273 672 1333 turbine
687 1275 792 1333 insano
807 1271 920 1333 uehens
1071 1284 1124 1332 420

103 1357 227 1419 uolucer
242 1372 296 1437 per
312 1374 399 1418 auras
414 1363 520 1418 uentus
536 1356 682 1418 aetherias
698 1357 782 1434 ageli

103 1461 179 1520 quae
195 1442 308 1520 Sphinx
324 1440 374 1503 uel
389 1449 452 1502 atra
466 1441 548 1502 nube
562 1440 721 1502 subtexens
737 1440 815 1502 diem
1039 1451 1072 1501 00

103 1525 284 1606 Stymphalis
301 1525 397 1586 auidis
413 1533 584 1604 praepetem
600 1528 706 1604 pennis
721 1525 816 1587 ieret?

104 1620 156 1672 aut
170 1630 246 1691 quae
262 1628 315 1688 per
331 1610 404 1671 altas
418 1613 495 1672 aeris
510 1612 606 1687 rapiet
621 1613 684 1672 uias

104 1695 234 1775 Harpyia
250 1696 330 1756 saeui
345 1697 425 1772 regis
440 1695 605 1757 obseruans
621 1696 727 1756 famem
1071 1706 1123 1755 420

106 1789 135 1842 et
151 1781 229 1840 inter
244 1781 322 1840 acies
337 1781 461 1858 proiciet
476 1786 590 1857 raptam
607 1779 697 1839 duas?

61 1861 93 1921 e''
150 1877 224 1924 suu.
248 1863 333 1925 Vadit
349 1864 458 1925 furenti
473 1863 575 1924 similis
590 1873 640 1924 aut
655 1866 740 1924 etiam
757 1864 836 1925 lnrit.
1038 1875 1071 1924 65

102 1951 209 2028 sagitta
225 1947 320 2027 qualis
337 1949 470 2026 parthica
488 1947 574 2009 uelox
589 1966 679 2008 manu

102 2051 226 2094 excussa
243 2033 347 2103 fertur,
365 2032 461 2112 qualis
474 2034 578 2093 insano
593 2035 665 2093 ratis

102 2125 259 2197 premente
273 2125 365 2179 uento
380 2119 494 2194 rapitur
510 2126 560 2177 aut
575 2117 667 2195 qualis
683 2117 785 2191 cadit
960 2153 968 2168 ,
1069 2129 1123 2179 430

102 2202 222 2280 delapsa
237 2200 322 2263 caelo
337 2199 430 2272 stella,
447 2219 514 2263 cum
531 2204 680 2278 stringens
695 2202 794 2282 polum

101 2296 215 2348 rectam
233 2287 328 2357 citatis
343 2285 462 2364 ignibus
477 2287 589 2363 rumpit
604 2287 698 2346 uiam:
841 2317 864 2360 F,
879 2315 1007 2358 xxxxv„
1038 2299 1071 2347 70

63 2367 90 2425 4”
145 2371 278 2431 Attonita
294 2389 383 2432 cursu
399 2371 473 2448 lugit
488 2382 518 2432 et
532 2369 615 2431 binas
630 2373 726 2431 statim

102 2455 218 2516 diduxit
234 2457 323 2516 acies.
352 2457 429 2516 uicta
446 2463 577 2517 materna
593 2474 684 2533 prece

101 2540 228 2600 haesere
243 2538 321 2599 bella
336 2541 455 2617 iamque
471 2542 500 2600 in
516 2539 658 2601 alternam
675 2557 779 2600 necem
1069 2555 1123 2605 430

100 2623 181 2684 illinc
196 2632 227 2684 et
242 2623 311 2684 binc
327 2626 452 2686 miscere
468 2623 621 2704 cupientes
636 2642 742 2685 manus

99 2708 210 2770 librata
227 2707 330 2768 dextra
349 2707 403 2769 tela
420 2727 562 2788 suspensa
578 2717 689 2770 tenent.
1038 2724 1070 2772 75

99 2793 312 2872 pantanum,
330 2794 462 2853 omnium
479 2794 592 2854 ferrum
608 2795 683 2854 iacet

97 2960 306 2971 ———---——0

168 3080 201 3132 51
221 3081 246 3130 si
265 3080 336 3146 quod
354 3081 380 3130 A
398 3081 423 3130 si
440 3079 548 3145 aliquot
565 3079 591 3129 E
613 3076 624 3145 ll
653 3081 686 3129 52
704 3079 820 3130 nura
837 3082 923 3131 om.E
941 3083 1020 3133 uerba

98 3148 199 3214 ‘signa
218 3144 274 3213 (62)
292 3163 392 3213 -pro
414 3164 430 3198 e
453 3151 510 3198 est’
530 3144 585 3211 (54)
613 3148 698 3197 nuntio
723 3151 768 3198 dat
791 3149 919 3199 Swobodu
947 3147 958 3214 ΙΙ
987 3151 1019 3200 bi

98 3219 188 3267 nuntio
205 3216 296 3267 tribuit
312 3165 411 3282 Ball
432 3218 465 3267 58
488 3213 559 3266 100.
578 3231 625 3268 om.
642 3214 667 3263 Ε
696 3211 709 3282 ss
736 3217 769 3266 65
788 3221 871 3282 etque
890 3218 974 3267 etiam
993 3217 1018 3264 A

98 3289 150 3334 aut
168 3284 256 3334 etiam
274 3291 313 3350 εψ
336 3280 349 3352 {1
370 3284 404 3334 69
422 3283 537 3365 delapso
555 3282 581 3331 E
604 3278 615 3348 ΙΙ
639 3285 670 3332 ‘12
690 3283 842 3364 deduxitcp
866 3281 877 3349 ΙΙ
901 3285 1018 3362 73000]-
1117 3360 1119 3363 Ι

95 3347 1020 3485 blitildem?{labimillialelisiilllialibelluli?

94 3488 181 3538 brata.
200 3488 277 3538 NHa.
305 3483 319 3553 ll
347 3486 510 3538 0010000
532 3485 608 3536 iacet
625 3487 651 3535 E
680 3484 691 3553 l}
