2326 3922
176 191 239 256 314
457 204 488 250 L.
504 204 638 251 Annum
654 202 812 251 sennenn

176 343 380 423 enuptiaiem.
412 343 504 403 uade:
528 343 694 420 perfectum
712 352 756 403 est
771 341 884 426 scelus,

176 429 306 490 uindicta
323 427 463 487 nundum.
494 443 604 504 perage
620 427 690 487 dum
708 427 819 488 iaciunt
833 445 951 488 manus,
1111 439 1150 487 995

141 521 160 571 h
220 511 295 584 Quid
312 530 391 573 nunc
406 513 533 572 moraris
548 513 663 572 anime?
687 511 756 590 quid
773 510 909 573 dubitas?
933 521 1030 592 potes.

178 599 235 657 iarn
252 597 358 657 cecidit
373 599 425 656 ira.
456 597 587 672 paenitet
604 595 673 656 iacti
688 595 789 674 pudet.

178 681 247 761 quid
263 682 371 741 misera
387 680 462 741 ieci?
484 681 592 740 misera
608 682 757 757 paeniteat
771 680 855 750 licet,

178 766 244 826 ieci.
263 801 301 810 —
317 764 454 843 uoluptas
470 782 576 841 magua
592 783 640 825 me
654 765 778 826 inuitam
795 764 877 827 subit

178 860 207 910 et
221 868 290 910 ecce
307 853 423 910 crescit.
455 848 540 908 derat
554 848 612 908 buc
628 866 718 909 unum
735 848 826 920 mihi,

177 941 325 1011 spectator
339 935 421 994 iste.
453 932 525 992 nihil
541 932 637 994 adhuc
652 934 720 993 facti
735 951 820 1004 reor,

176 1018 315 1097 quicquid
331 1019 395 1078 sine
410 1020 467 1077 istc
484 1017 610 1078 fecimus
626 1017 763 1086 sceleris,
779 1019 868 1096 perit.

144 1102 171 1160 h'
223 1114 288 1161 Ins.
313 1101 356 1160 En
373 1103 453 1179 ipsa
471 1103 539 1162 tecti
556 1109 641 1180 parte
656 1103 811 1180 praecipiti
825 1103 960 1166 inminet.

175 1187 233 1245 huc
249 1187 344 1264 rapiat
358 1188 442 1262 ignes
458 1185 576 1264 aliquiS,
594 1192 627 1246 ut
641 1185 767 1246 flammis
783 1186 869 1246 cadat

176 1271 236 1331 suis
251 1277 381 1349 perusta.

175 1368 259 1415 nnn.
415 1372 544 1432 congere
560 1362 725 1415 extremum
743 1357 801 1416 tuis

177 1441 272 1515 gnatis
289 1438 372 1498 iason
391 1438 478 1500 trinus
494 1457 528 1498 ac
543 1438 689 1500 tumulum
705 1447 802 1500 strue:

175 1524 304 1583 coniunx
321 1541 465 1600 socerque
482 1525 558 1584 iusta
573 1524 630 1583 iam
648 1523 757 1584 iunctis
772 1523 884 1585 habent

175 1626 190 1666 a
207 1625 254 1667 me
269 1606 386 1684 sepulti.
417 1615 523 1684 gnatus
538 1607 587 1668 bic
602 1607 694 1668 iatum
710 1602 809 1676 tulit,'

175 1691 222 1751 hic
238 1698 266 1750 te
281 1691 401 1751 uidente
418 1691 533 1752 dabitur
551 1693 639 1751 exitio
656 1695 729 1770 pari.

140 1783 159 1832 k
218 1786 283 1835 ins,
308 1775 365 1836 Per
381 1792 489 1836 numen
506 1794 594 1836 omne
610 1794 724 1855 perque
740 1795 914 1839 communes
931 1780 1013 1857 sugas
1082 1774 1126 1826 10¹⁰

173 1868 315 1937 torosque
331 1877 405 1936 quus
421 1877 480 1919 nen
497 1869 598 1920 nostra
615 1859 739 1921 uiolauit
753 1861 843 1931 fides,

173 1946 230 2003 iam
245 1961 335 2022 parce
351 1951 429 2003 nato.
460 1945 578 2022 siquod
595 1951 640 2004 est
655 1946 782 2015 crimen,
799 1964 899 2007 meum
917 1955 977 2008 est:

174 2047 220 2088 me
237 2028 312 2088 dedo
328 2030 430 2094 morti,
448 2030 567 2088 nexium
587 2038 681 2089 macta
698 2036 796 2108 caput.

139 2111 167 2168 k'
219 2125 304 2171 nnn.
328 2113 390 2172 Hac
406 2131 462 2190 qua
478 2131 598 2182 recusas
615 2132 672 2191 qua
688 2113 783 2184 deles,
802 2114 916 2175 ferrum
934 2117 1051 2194 exigam.

173 2198 182 2255 i
199 2214 277 2256 nunc
294 2196 437 2273 superbe,
455 2199 604 2274 uirginum
621 2196 859 2277 thalames'pete.
1076 2191 1120 2244 1⁰¹⁶

173 2280 306 2359 relinque
321 2288 441 2341 matres

172 2377 236 2425 Ins.
470 2382 546 2426 unus
563 2372 607 2427 est
622 2383 736 2443 poenae
751 2368 831 2427 satis.

66 2505 68 2511 .
172 2462 256 2508 Mul).
281 2451 305 2508 si
321 2456 421 2527 posset
436 2468 493 2510 una
510 2450 600 2510 caede
615 2450 716 2511 satiari
730 2453 804 2512 baec
820 2469 943 2512 manus:

171 2531 280 2592 nuliam
297 2535 425 2610 petisset.

138 2622 170 2671 k‘
464 2620 499 2678 Vt
515 2619 590 2678 duos
603 2619 761 2697 perimam:
786 2626 885 2679 tamen

172 2701 294 2760 nimium
312 2709 355 2761 est
371 2702 465 2762 ciuluri
481 2720 625 2763 numerus
641 2709 784 2781 angustus
800 2721 876 2763 mec.

172 2785 200 2843 in
217 2791 311 2845 matre
327 2786 447 2865 siquod
463 2788 570 2865 pignus
586 2788 755 2848 etiamnunc
769 2786 855 2857 latet,
1069 2769 1113 2827 ¹⁰²⁰

173 2867 328 2928 scrutabor
345 2888 415 2931 ense
431 2873 547 2933 uiscera
566 2879 594 2934 et
609 2873 690 2932 ferro
707 2871 872 2932 extraham.

170 3073 374 3080 ——-

237 3205 288 3253 994
307 3209 349 3255 est
361 3206 453 3257 scelus
466 3208 491 3257 A
511 3208 603 3258 scelus
616 3211 658 3258 est
670 3208 696 3257 Ε
707 3203 719 3273 ΙΙ
735 3208 785 3258 996
803 3204 903 3272 potens
915 3211 942 3260 Ε
959 3209 1066 3274 potense

168 3274 249 3337 potes
267 3279 290 3335 ψ
305 3269 319 3339 ΙΙ
335 3275 384 3324 999
401 3289 503 3338 magne
515 3291 558 3324 me
573 3278 601 3324 et
613 3275 729 3326 inuitem
743 3275 768 3323 E
787 3280 815 3326 ei
832 3291 881 3328 om.
899 3277 925 3327 A
944 3264 1066 3340 magnaot

168 3339 285 3392 inuitam
302 3343 333 3393 ci.
353 3342 548 3406 Henneberper.
561 3339 573 3409 Η
587 3345 650 3393 1001
670 3343 730 3407 ipse
749 3342 774 3391 A
793 3343 848 3394 iste
866 3343 892 3392 Ε
908 3341 922 3412 ss
938 3327 1065 3395 factum!

168 3407 239 3457 facti
258 3409 283 3457 Ε
305 3405 317 3475 ΙΙ
342 3411 407 3460 1013
425 3408 494 3459 dede
514 3411 539 3459 A
567 3410 637 3461 dedo
655 3411 681 3460 Ε
702 3406 715 3476 ΙΙ
740 3412 805 3462 1017
828 3410 930 3462 satiari
946 3392 1066 3462 manual

169 3475 268 3524 satiari
288 3493 304 3525 a
322 3491 420 3527 manus
439 3477 464 3525 Ε
481 3493 549 3528 corr.
571 3479 649 3528 Gron.
673 3473 685 3543 ΙΙ
