2326 3922
413 217 795 267 onorexuuxounurvu
1001 203 1061 268 107

122 351 148 405 δ”
381 356 529 434 Flammas
545 359 644 437 potius
660 365 689 419 et
705 366 821 419 uastum
837 375 976 437 aggerem

150 460 290 522 conpone,
306 443 338 502 in
353 441 428 504 altos
442 443 505 519 ipso
520 460 568 504 me
583 444 726 504 inmittam
743 459 832 519 rogos

149 523 290 610 [haerebo
305 529 350 588 ad
362 531 455 604 tanes,
467 527 629 600 funebrem
643 530 804 590 escendam
818 522 942 611 struem]

145 621 307 690 pectusque
322 611 435 672 soluam
451 611 560 672 durum
576 620 606 672 et
618 613 649 672 ln
665 613 781 673 cineres
797 612 872 674 dabo

144 697 200 757 hoc
216 696 356 775 quicquid
371 697 402 756 in
417 714 465 756 me
481 698 563 757 uiuit.
584 731 619 740 -
638 696 689 757 ubi
704 715 827 757 saeuum
843 706 887 757 est
902 698 1001 757 mare?

144 781 201 842 duc
216 780 268 842 ubi
283 784 322 843 sit
336 781 402 843 altis
417 788 573 861 prorutum
589 781 667 842 saxis
682 783 793 860 iugum,
1081 800 1129 849 115

143 865 193 927 ubi
207 874 294 926 torua
309 866 430 944 rapidus
445 867 533 926 ducat
548 865 681 927 Ismenos
696 865 782 935 uada,

144 946 218 1032 [dne
233 952 286 1012 nbi
294 951 387 1024 ferae
400 954 470 1024 sint,
488 952 540 1011 ubi
550 950 667 1021 fretum
682 952 734 1011 nbi
741 968 894 1028 praeceps
908 946 1003 1033 locus]

141 1037 166 1096 si
183 1035 244 1096 dux
259 1054 300 1096 es.
327 1033 396 1095 illuc
411 1036 455 1095 ire
471 1036 615 1095 morituro
632 1033 737 1112 placet.

114 1142 131 1176 c
187 1119 242 1180 Vbi
258 1120 334 1181 sedit
349 1118 404 1180 alta
420 1136 496 1198 rupe
511 1119 650 1180 semifero
666 1118 750 1180 dolos

141 1203 256 1282 Sphinx
272 1222 325 1264 ore
340 1212 477 1274 nectens,
494 1204 588 1280 dirige
603 1203 663 1264 buo
680 1221 799 1281 gressus
815 1203 934 1281 pedum,
1079 1222 1127 1271 120

139 1289 192 1349 lric
207 1290 277 1349 siste
292 1296 416 1368 patrem.
446 1288 509 1348 dira
525 1307 564 1349 ne
579 1288 665 1350 sedes
680 1296 775 1358 uacet,

140 1382 310 1434 monstrum
325 1390 438 1452 repone
452 1373 556 1434 maius.
584 1373 642 1434 boe
658 1391 760 1433 saxum
775 1372 908 1433 insidens

139 1457 269 1517 obscura
286 1465 404 1518 nostrae
416 1459 490 1531 fata
506 1457 643 1518 fortunae
657 1456 772 1537 loquar,

139 1560 218 1622 quae
235 1560 322 1603 nemo
337 1540 442 1603 soluat.

359 1705 361 1709 ,
488 1625 627 1705 Quisquis
642 1628 753 1706 assyrio
768 1626 831 1688 looa

139 1728 279 1789 possessa
295 1712 360 1788 regi
375 1711 485 1772 scindis
500 1719 530 1772 et
546 1711 647 1773 Cadmi
662 1729 768 1772 nemus
1080 1729 1128 1778 nnn

138 1793 266 1873 supplex
283 1794 403 1865 adoras,
420 1813 504 1856 sacra
521 1813 580 1876 quo
595 1795 681 1856 Dirce
697 1794 766 1856 latet
1021 1814 1080 1863 127ἃ
1099 1811 1162 1874 1261

141 1876 295 1962 [serpente
308 1887 419 1954 emtum,
436 1884 571 1957 quisquis
585 1882 733 1942 Eurotam
747 1883 824 1942 athis
1122 1945 1126 1951 ,

138 1965 335 2040 Spartenque
344 1965 451 2038 fratre
465 1967 593 2026 nobilem
605 1969 726 2041 pennino
740 1969 823 2040 colis,
1000 1966 1082 2032 ’116ἃ
1101 1983 1158 2032 tut

138 2052 252 2124 quique
265 2051 338 2110 Elin
352 2057 382 2110 ct
395 2052 558 2112 Parnason
572 2058 601 2110 et
615 2053 743 2112 boeotiae

137 2131 692 2218 colonasaprosnberistondo'sselr',]
1080 2151 1127 2201 130

138 2217 265 2278 aduerte
278 2227 428 2279 mentem:
444 2236 532 2280 saeua
550 2218 719 2280 Thebarum
735 2219 799 2280 lues

139 2300 267 2363 luctifica
284 2303 379 2364 caeeis
394 2302 487 2363 uerba
504 2305 681 2365 conmittens
696 2304 791 2364 modis

142 2385 215 2464 quid
230 2386 325 2448 simile
339 2389 455 2467 posuit?
472 2387 542 2464 quid
556 2394 616 2449 tam
632 2387 856 2450 inextricabile?

100 2467 128 2525 d'
187 2470 241 2549 xpi
256 2490 348 2550 gener
362 2473 513 2551 patrisque
529 2472 629 2534 riualis
645 2474 698 2543 sui,

137 2557 232 2615 frater
247 2573 369 2617 suorum
386 2555 511 2617 liberum
528 2565 556 2617 et
572 2557 696 2618 fratrum
713 2575 833 2637 parens.
1079 2577 1127 2624 135

209 2759 257 2806 112
282 2765 404 2808 erectam
423 2759 458 2808 ad
474 2758 553 2824 ignes
571 2759 715 2809 funebrem
733 2759 882 2809 ascendam
901 2761 925 2809 A
955 2759 1058 2810 herebo

138 2823 257 2889 adignes
283 2825 397 2876 funebre
423 2826 571 2877 escendam
587 2826 613 2875 E
636 2828 720 2877 deterri
741 2843 841 2878 uersum
863 2844 880 2877 a
899 2828 1008 2878 Grutero
1032 2830 1058 2877 in

135 2893 301 2955 mpitionern
318 2902 432 2945 occentum
460 2891 472 2960 ll
503 2897 551 2946 115
569 2894 615 2944 dic
633 2902 657 2958 ψ
676 2893 728 2944 duc
746 2908 786 2945 αε
814 2891 827 2960 ΙΙ
874 2899 1014 2945 raerutnm
1032 2896 1057 2945 A

136 2960 250 3023 pronE
275 2956 287 3026 Η
317 2964 364 3013 117
383 2965 432 3012 del.
451 2962 527 3012 NHs.
556 2959 569 3029 ΙΙ
598 2966 663 3013 sunt
680 2961 705 3011 E
723 2964 780 3012 sint
797 2963 821 3012 A
850 2911 872 3029 b)
894 2965 943 3013 120
960 2978 1059 3027 gressu

136 3025 237 3091 pedem
255 3028 281 3076 A
310 3044 423 3094 gressus
441 3029 540 3094 pedum
559 3033 683 3096 euripo
712 3025 724 3096 {l
754 3032 802 3080 122
821 3045 889 3081 saxo
906 3031 932 3080 A
962 3047 1057 3081 saxum

136 3090 216 3160 Eut}
229 3097 278 3146 123
295 3097 383 3147 uerba
401 3096 465 3148 ΑΕ2
482 3099 509 3147 in
526 3113 581 3148 ras.
601 3098 678 3147 fata
695 3099 791 3162 scripsi
808 3101 865 3150 coll.
884 3115 909 3147 n.
924 3100 972 3149 139
984 3095 996 3164 ΙΙ
1009 3101 1058 3149 126

135 3166 241 3212 scatet
263 3165 296 3214 cl.
322 3165 401 3215 Gron.
430 3165 503 3230 quod
527 3166 551 3215 d.
575 3166 669 3216 lauat
691 3167 722 3216 ci.
745 3167 821 3216 NHs.
845 3192 879 3202 -
901 3167 1056 3217 maristtcbta

135 3234 269 3295 serpente
281 3236 375 3282 notum
388 3239 413 3283 et
426 3235 543 3299 supplex
556 3233 665 3298 adores,
684 3235 787 3299 quaein
800 3236 874 3287 codd.
893 3237 995 3284 inuersa
1014 3250 1056 3285 or-

135 3298 197 3346 dine
208 3301 336 3362 tepenter,
353 3301 381 3350 fn
392 3302 506 3352 ordinem
518 3303 647 3359 renocuou',
665 3318 706 3351 nu.
720 3302 807 3352 127-
815 3305 863 3353 130
875 3303 967 3365 delent.
992 3300 1057 3350 Sca-

97 3412 103 3425 ,
134 3367 203 3428 fiper
220 3368 352 3417 dmunmcit
367 3369 448 3420 umba
465 3373 506 3419 ‘et
525 3368 622 3419 Cadmi
641 3368 712 3434 (125)
731 3396 765 3404 -
782 3371 936 3420 Parnason’
957 3367 1029 3431 (129)
1048 3366 1056 3432 ll

135 3434 187 3482 129
206 3435 400 3500 quicunqueA
421 3437 522 3502 quique
535 3437 560 3486 E
576 3433 587 3503 ll
606 3439 654 3488 130
673 3437 771 3488 tondes
784 3439 808 3487 A
827 3435 920 3487 tondis
932 3435 958 3484 Ε
974 3430 986 3500 Η
1008 3436 1056 3485 132

133 3505 288 3552 conectens
304 3505 362 3558 eod.
380 3512 488 3570 mogunt.
509 3505 548 3568 Cf.
568 3504 630 3557 Oed.
649 3508 682 3555 92
706 3502 718 3570 ll
