<?xml version="1.0" encoding="UTF-8"?>
<!DOCTYPE html PUBLIC "-//W3C//DTD XHTML 1.0 Transitional//EN"
    "http://www.w3.org/TR/xhtml1/DTD/xhtml1-transitional.dtd">
<html xmlns="http://www.w3.org/1999/xhtml" xml:lang="en" lang="en">
 <head>
  <title>
</title>
<meta http-equiv="Content-Type" content="text/html;charset=utf-8" />
  <meta name='ocr-system' content='tesseract 3.04.00' />
  <meta name='ocr-capabilities' content='ocr_page ocr_carea ocr_par ocr_line ocrx_word'/>
</head>
<body>
  <div class='ocr_page' id='page_1' title='image "./lannaeisenecaet00senegoog_0206.png"; bbox 0 0 2326 3922; ppageno 0'>
   <div class='ocr_carea' id='block_1_1' title="bbox 453 201 620 248">
    <p class='ocr_par' dir='ltr' id='par_1_1' title="bbox 453 201 620 248">
     <span class='ocr_line' id='line_1_1' title="bbox 453 201 620 248; baseline 0.006 -1"><span class='ocrx_word' id='word_1_1' title='bbox 453 201 620 248; x_wconf 76' lang='lat' dir='ltr'><strong>Pnnnnnn</strong></span> 
     </span>
    </p>
   </div>
   <div class='ocr_carea' id='block_1_2' title="bbox 27 339 942 2788">
    <p class='ocr_par' dir='ltr' id='par_1_2' title="bbox 27 339 942 2788">
     <span class='ocr_line' id='line_1_2' title="bbox 73 339 679 418; baseline 0 -17"><span class='ocrx_word' id='word_1_2' title='bbox 73 359 136 402; x_wconf 91' lang='lat' dir='ltr'><strong>non</strong></span> <span class='ocrx_word' id='word_1_3' title='bbox 153 358 234 400; x_wconf 89' lang='lat' dir='ltr'><strong>arma</strong></span> <span class='ocrx_word' id='word_1_4' title='bbox 251 358 339 401; x_wconf 86' lang='lat' dir='ltr'><strong>saeua</strong></span> <span class='ocrx_word' id='word_1_5' title='bbox 355 340 440 401; x_wconf 87' lang='lat' dir='ltr'><strong>miles</strong></span> <span class='ocrx_word' id='word_1_6' title='bbox 456 339 576 418; x_wconf 85' lang='lat' dir='ltr'><strong>aptabat</strong></span> <span class='ocrx_word' id='word_1_7' title='bbox 591 360 679 401; x_wconf 89' lang='lat' dir='ltr'><strong>manu</strong></span> 
     </span>
     <span class='ocr_line' id='line_1_3' title="bbox 73 424 685 502; baseline -0.007 -14"><span class='ocrx_word' id='word_1_8' title='bbox 73 445 133 487; x_wconf 90' lang='lat' dir='ltr'><strong>nec</strong></span> <span class='ocrx_word' id='word_1_9' title='bbox 149 433 226 485; x_wconf 89' lang='lat' dir='ltr'><strong>torta</strong></span> <span class='ocrx_word' id='word_1_10' title='bbox 243 424 356 486; x_wconf 86' lang='lat' dir='ltr'><strong>clausas</strong></span> <span class='ocrx_word' id='word_1_11' title='bbox 370 425 501 501; x_wconf 82' lang='lat' dir='ltr'><strong>fregerat</strong></span> <span class='ocrx_word' id='word_1_12' title='bbox 515 442 585 486; x_wconf 81' lang='lat' dir='ltr'><strong>saxo</strong></span> <span class='ocrx_word' id='word_1_13' title='bbox 602 425 685 502; x_wconf 81' lang='lat' dir='ltr'><strong>graui</strong></span> 
     </span>
     <span class='ocr_line' id='line_1_4' title="bbox 73 509 737 588; baseline -0.005 -17"><span class='ocrx_word' id='word_1_14' title='bbox 73 509 191 571; x_wconf 86' lang='lat' dir='ltr'><strong>ballista</strong></span> <span class='ocrx_word' id='word_1_15' title='bbox 206 518 318 586; x_wconf 86' lang='lat' dir='ltr'><strong>portas.</strong></span> <span class='ocrx_word' id='word_1_16' title='bbox 348 511 424 569; x_wconf 90' lang='lat' dir='ltr'><strong>iussa</strong></span> <span class='ocrx_word' id='word_1_17' title='bbox 440 527 496 570; x_wconf 94' lang='lat' dir='ltr'><strong>nec</strong></span> <span class='ocrx_word' id='word_1_18' title='bbox 512 510 661 570; x_wconf 90' lang='lat' dir='ltr'><strong>dominum</strong></span> <span class='ocrx_word' id='word_1_19' title='bbox 678 510 737 588; x_wconf 89' lang='lat' dir='ltr'><strong>pati</strong></span> 
     </span>
     <span class='ocr_line' id='line_1_5' title="bbox 75 593 684 655; baseline -0.002 0"><span class='ocrx_word' id='word_1_20' title='bbox 75 597 178 655; x_wconf 86' lang='lat' dir='ltr'><strong>iuncto</strong></span> <span class='ocrx_word' id='word_1_21' title='bbox 194 593 311 654; x_wconf 81' lang='lat' dir='ltr'><strong>terebat</strong></span> <span class='ocrx_word' id='word_1_22' title='bbox 324 601 405 653; x_wconf 89' lang='lat' dir='ltr'><strong>terra</strong></span> <span class='ocrx_word' id='word_1_23' title='bbox 420 595 575 655; x_wconf 85' lang='lat' dir='ltr'><strong>seruitium</strong></span> <span class='ocrx_word' id='word_1_24' title='bbox 591 593 684 654; x_wconf 87' lang='lat' dir='ltr'><strong>boue:</strong></span> 
     </span>
     <span class='ocr_line' id='line_1_6' title="bbox 76 678 686 757; baseline -0.002 -19"><span class='ocrx_word' id='word_1_25' title='bbox 76 680 129 740; x_wconf 91' lang='lat' dir='ltr'><strong>sed</strong></span> <span class='ocrx_word' id='word_1_26' title='bbox 145 697 216 739; x_wconf 92' lang='lat' dir='ltr'><strong>arua</strong></span> <span class='ocrx_word' id='word_1_27' title='bbox 232 697 287 756; x_wconf 89' lang='lat' dir='ltr'><strong>per</strong></span> <span class='ocrx_word' id='word_1_28' title='bbox 302 695 334 738; x_wconf 91' lang='lat' dir='ltr'><strong>se</strong></span> <span class='ocrx_word' id='word_1_29' title='bbox 349 679 427 738; x_wconf 79' lang='lat' dir='ltr'><strong>foeta</strong></span> <span class='ocrx_word' id='word_1_30' title='bbox 443 687 598 757; x_wconf 84' lang='lat' dir='ltr'><strong>poscentes</strong></span> <span class='ocrx_word' id='word_1_31' title='bbox 614 678 686 738; x_wconf 86' lang='lat' dir='ltr'>nihil</span> 
     </span>
     <span class='ocr_line' id='line_1_7' title="bbox 75 761 628 841; baseline -0.004 -17"><span class='ocrx_word' id='word_1_32' title='bbox 75 782 187 841; x_wconf 85' lang='lat' dir='ltr'><strong>pauore</strong></span> <span class='ocrx_word' id='word_1_33' title='bbox 204 770 321 840; x_wconf 82' lang='lat' dir='ltr'>gentes,</span> <span class='ocrx_word' id='word_1_34' title='bbox 338 761 410 823; x_wconf 83' lang='lat' dir='ltr'><strong>silua</strong></span> <span class='ocrx_word' id='word_1_35' title='bbox 427 764 541 823; x_wconf 90' lang='lat' dir='ltr'><strong>natiuas</strong></span> <span class='ocrx_word' id='word_1_36' title='bbox 556 780 628 840; x_wconf 89' lang='lat' dir='ltr'><strong>opes</strong></span> 
     </span>
     <span class='ocr_line' id='line_1_8' title="bbox 76 847 731 926; baseline 0 -18"><span class='ocrx_word' id='word_1_37' title='bbox 76 857 106 908; x_wconf 90' lang='lat' dir='ltr'><strong>et</strong></span> <span class='ocrx_word' id='word_1_38' title='bbox 122 866 213 926; x_wconf 85' lang='lat' dir='ltr'><strong>opaca</strong></span> <span class='ocrx_word' id='word_1_39' title='bbox 230 847 375 908; x_wconf 88' lang='lat' dir='ltr'><strong>dederant</strong></span> <span class='ocrx_word' id='word_1_40' title='bbox 389 854 473 907; x_wconf 90' lang='lat' dir='ltr'><strong>antra</strong></span> <span class='ocrx_word' id='word_1_41' title='bbox 489 847 603 908; x_wconf 88' lang='lat' dir='ltr'><strong>natiuas</strong></span> <span class='ocrx_word' id='word_1_42' title='bbox 618 847 731 908; x_wconf 82' lang='lat' dir='ltr'><strong>domos.</strong></span> 
     </span>
     <span class='ocr_line' id='line_1_9' title="bbox 27 931 662 1009; baseline -0.002 -18"><span class='ocrx_word' id='word_1_43' title='bbox 27 933 65 991; x_wconf 78' lang='grc' dir='ltr'><strong>ιη’</strong></span> <span class='ocrx_word' id='word_1_44' title='bbox 120 933 240 1009; x_wconf 84' lang='lat' dir='ltr'><strong>Rupere</strong></span> <span class='ocrx_word' id='word_1_45' title='bbox 257 932 360 992; x_wconf 76' lang='lat' dir='ltr'><strong>foedus</strong></span> <span class='ocrx_word' id='word_1_46' title='bbox 374 933 473 1008; x_wconf 84' lang='lat' dir='ltr'><strong>inpius</strong></span> <span class='ocrx_word' id='word_1_47' title='bbox 488 931 563 992; x_wconf 91' lang='lat' dir='ltr'><strong>lucri</strong></span> <span class='ocrx_word' id='word_1_48' title='bbox 579 932 662 991; x_wconf 80' lang='lat' dir='ltr'><strong>furor</strong></span> 
     </span>
     <span class='ocr_line' id='line_1_10' title="bbox 77 1017 726 1096; baseline -0.003 -19"><span class='ocrx_word' id='word_1_49' title='bbox 77 1024 107 1078; x_wconf 91' lang='lat' dir='ltr'><strong>et</strong></span> <span class='ocrx_word' id='word_1_50' title='bbox 121 1018 164 1076; x_wconf 88' lang='lat' dir='ltr'><strong>ira</strong></span> <span class='ocrx_word' id='word_1_51' title='bbox 180 1034 327 1096; x_wconf 89' lang='lat' dir='ltr'><strong>praeceps</strong></span> <span class='ocrx_word' id='word_1_52' title='bbox 343 1034 478 1094; x_wconf 90' lang='lat' dir='ltr'><strong>quaeque</strong></span> <span class='ocrx_word' id='word_1_53' title='bbox 493 1033 651 1076; x_wconf 88' lang='lat' dir='ltr'><strong>succensas</strong></span> <span class='ocrx_word' id='word_1_54' title='bbox 666 1017 726 1092; x_wconf 83' lang='lat' dir='ltr'><strong>agit</strong></span> 
     </span>
     <span class='ocr_line' id='line_1_11' title="bbox 75 1101 631 1179; baseline -0.002 -19"><span class='ocrx_word' id='word_1_55' title='bbox 75 1101 168 1162; x_wconf 85' lang='lat' dir='ltr'><strong>iibido</strong></span> <span class='ocrx_word' id='word_1_56' title='bbox 184 1108 314 1171; x_wconf 83' lang='lat' dir='ltr'><strong>mentes,</strong></span> <span class='ocrx_word' id='word_1_57' title='bbox 340 1103 422 1162; x_wconf 88' lang='lat' dir='ltr'><strong>uenit</strong></span> <span class='ocrx_word' id='word_1_58' title='bbox 436 1101 554 1179; x_wconf 90' lang='lat' dir='ltr'><strong>imperii</strong></span> <span class='ocrx_word' id='word_1_59' title='bbox 569 1103 631 1161; x_wconf 86' lang='lat' dir='ltr'><strong>sitis</strong></span> 
     </span>
     <span class='ocr_line' id='line_1_12' title="bbox 76 1185 710 1262; baseline -0.003 -17"><span class='ocrx_word' id='word_1_60' title='bbox 76 1196 216 1256; x_wconf 89' lang='lat' dir='ltr'><strong>eruenta,</strong></span> <span class='ocrx_word' id='word_1_61' title='bbox 242 1185 337 1245; x_wconf 79' lang='lat' dir='ltr'><strong>factus</strong></span> <span class='ocrx_word' id='word_1_62' title='bbox 351 1185 463 1262; x_wconf 86' lang='lat' dir='ltr'><strong>praeda</strong></span> <span class='ocrx_word' id='word_1_63' title='bbox 478 1185 582 1245; x_wconf 91' lang='lat' dir='ltr'><strong>maiori</strong></span> <span class='ocrx_word' id='word_1_64' title='bbox 597 1188 710 1253; x_wconf 89' lang='lat' dir='ltr'><strong>minor,</strong></span> 
     </span>
     <span class='ocr_line' id='line_1_13' title="bbox 75 1271 746 1349; baseline -0.001 -20"><span class='ocrx_word' id='word_1_65' title='bbox 75 1289 133 1349; x_wconf 91' lang='lat' dir='ltr'><strong>pro</strong></span> <span class='ocrx_word' id='word_1_66' title='bbox 150 1271 215 1331; x_wconf 90' lang='lat' dir='ltr'><strong>iure</strong></span> <span class='ocrx_word' id='word_1_67' title='bbox 231 1272 311 1330; x_wconf 89' lang='lat' dir='ltr'><strong>uires</strong></span> <span class='ocrx_word' id='word_1_68' title='bbox 326 1287 401 1331; x_wconf 89' lang='lat' dir='ltr'><strong>esse.</strong></span> <span class='ocrx_word' id='word_1_69' title='bbox 434 1277 495 1329; x_wconf 89' lang='lat' dir='ltr'><strong>tum</strong></span> <span class='ocrx_word' id='word_1_70' title='bbox 512 1271 640 1348; x_wconf 88' lang='lat' dir='ltr'><strong>primum</strong></span> <span class='ocrx_word' id='word_1_71' title='bbox 657 1287 746 1328; x_wconf 91' lang='lat' dir='ltr'><strong>manu</strong></span> 
     </span>
     <span class='ocr_line' id='line_1_14' title="bbox 75 1353 714 1433; baseline -0.002 -20"><span class='ocrx_word' id='word_1_72' title='bbox 75 1354 188 1414; x_wconf 78' lang='lat' dir='ltr'><strong>bellare</strong></span> <span class='ocrx_word' id='word_1_73' title='bbox 203 1355 291 1414; x_wconf 91' lang='lat' dir='ltr'><strong>nuda.</strong></span> <span class='ocrx_word' id='word_1_74' title='bbox 321 1372 449 1433; x_wconf 72' lang='lat' dir='ltr'><strong>saxaque</strong></span> <span class='ocrx_word' id='word_1_75' title='bbox 465 1362 495 1414; x_wconf 90' lang='lat' dir='ltr'><strong>et</strong></span> <span class='ocrx_word' id='word_1_76' title='bbox 509 1371 608 1414; x_wconf 87' lang='lat' dir='ltr'><strong>ramos</strong></span> <span class='ocrx_word' id='word_1_77' title='bbox 623 1353 714 1413; x_wconf 86' lang='lat' dir='ltr'><strong>rudes</strong></span> 
     </span>
     <span class='ocr_line' id='line_1_15' title="bbox 76 1436 728 1516; baseline -0.003 -17"><span class='ocrx_word' id='word_1_78' title='bbox 76 1448 196 1500; x_wconf 89' lang='lat' dir='ltr'><strong>uertere</strong></span> <span class='ocrx_word' id='word_1_79' title='bbox 212 1441 241 1498; x_wconf 92' lang='lat' dir='ltr'><strong>in</strong></span> <span class='ocrx_word' id='word_1_80' title='bbox 257 1457 349 1499; x_wconf 90' lang='lat' dir='ltr'><strong>arma.</strong></span> <span class='ocrx_word' id='word_1_81' title='bbox 379 1457 440 1500; x_wconf 90' lang='lat' dir='ltr'><strong>non</strong></span> <span class='ocrx_word' id='word_1_82' title='bbox 457 1445 520 1499; x_wconf 88' lang='lat' dir='ltr'><strong>erat</strong></span> <span class='ocrx_word' id='word_1_83' title='bbox 535 1437 639 1516; x_wconf 80' lang='lat' dir='ltr'><strong>gracili</strong></span> <span class='ocrx_word' id='word_1_84' title='bbox 653 1436 728 1506; x_wconf 84' lang='lat' dir='ltr'><strong>leuis</strong></span> 
     </span>
     <span class='ocr_line' id='line_1_16' title="bbox 76 1521 744 1600; baseline -0.001 -18"><span class='ocrx_word' id='word_1_85' title='bbox 76 1531 189 1583; x_wconf 90' lang='lat' dir='ltr'><strong>armata</strong></span> <span class='ocrx_word' id='word_1_86' title='bbox 205 1523 284 1583; x_wconf 81' lang='lat' dir='ltr'><strong>ferro</strong></span> <span class='ocrx_word' id='word_1_87' title='bbox 301 1542 426 1593; x_wconf 88' lang='lat' dir='ltr'><strong>cornus,</strong></span> <span class='ocrx_word' id='word_1_88' title='bbox 443 1532 495 1583; x_wconf 82' lang='lat' dir='ltr'><strong>ant</strong></span> <span class='ocrx_word' id='word_1_89' title='bbox 508 1523 599 1600; x_wconf 80' lang='lat' dir='ltr'><strong>longo</strong></span> <span class='ocrx_word' id='word_1_90' title='bbox 614 1521 690 1583; x_wconf 87' lang='lat' dir='ltr'><strong>latus</strong></span> <span class='ocrx_word' id='word_1_91' title='bbox 731 1530 744 1544; x_wconf 63' lang='lat'><strong><em>¹</em></strong></span> 
     </span>
     <span class='ocr_line' id='line_1_17' title="bbox 76 1606 756 1686; baseline -0.001 -19"><span class='ocrx_word' id='word_1_92' title='bbox 76 1626 220 1667; x_wconf 90' lang='lat' dir='ltr'><strong>mucrone</strong></span> <span class='ocrx_word' id='word_1_93' title='bbox 236 1609 357 1685; x_wconf 81' lang='lat' dir='ltr'><strong>cingens</strong></span> <span class='ocrx_word' id='word_1_94' title='bbox 373 1610 464 1678; x_wconf 89' lang='lat' dir='ltr'><strong>ensis,</strong></span> <span class='ocrx_word' id='word_1_95' title='bbox 481 1616 532 1668; x_wconf 92' lang='lat' dir='ltr'><strong>aut</strong></span> <span class='ocrx_word' id='word_1_96' title='bbox 547 1609 635 1668; x_wconf 87' lang='lat' dir='ltr'><strong>crista</strong></span> <span class='ocrx_word' id='word_1_97' title='bbox 652 1606 756 1686; x_wconf 87' lang='lat' dir='ltr'><strong>procul</strong></span> 
     </span>
     <span class='ocr_line' id='line_1_18' title="bbox 75 1691 692 1768; baseline 0.002 -16"><span class='ocrx_word' id='word_1_98' title='bbox 75 1691 177 1768; x_wconf 82' lang='lat' dir='ltr'>galeae</span> <span class='ocrx_word' id='word_1_99' title='bbox 194 1699 361 1753; x_wconf 79' lang='lat' dir='ltr'><strong>comantes:</strong></span> <span class='ocrx_word' id='word_1_100' title='bbox 385 1692 442 1752; x_wconf 88' lang='lat' dir='ltr'><strong>tela</strong></span> <span class='ocrx_word' id='word_1_101' title='bbox 457 1693 582 1754; x_wconf 78' lang='lat' dir='ltr'><strong>faciebat</strong></span> <span class='ocrx_word' id='word_1_102' title='bbox 598 1691 692 1753; x_wconf 87' lang='lat' dir='ltr'><strong>dolor.</strong></span> 
     </span>
     <span class='ocr_line' id='line_1_19' title="bbox 44 1775 712 1857; baseline 0.004 -22"><span class='ocrx_word' id='word_1_103' title='bbox 44 1777 63 1835; x_wconf 90' lang='lat' dir='ltr'><strong>l&#39;</strong></span> <span class='ocrx_word' id='word_1_104' title='bbox 120 1777 238 1857; x_wconf 75' lang='lat' dir='ltr'><strong>inuenit</strong></span> <span class='ocrx_word' id='word_1_105' title='bbox 252 1784 330 1837; x_wconf 87' lang='lat' dir='ltr'><strong>artos</strong></span> <span class='ocrx_word' id='word_1_106' title='bbox 346 1775 469 1837; x_wconf 84' lang='lat' dir='ltr'><strong>bellicus</strong></span> <span class='ocrx_word' id='word_1_107' title='bbox 483 1778 603 1838; x_wconf 86' lang='lat' dir='ltr'><strong>Mauors</strong></span> <span class='ocrx_word' id='word_1_108' title='bbox 618 1796 712 1838; x_wconf 88' lang='lat' dir='ltr'><strong>nouas</strong></span> 
     </span>
     <span class='ocr_line' id='line_1_20' title="bbox 76 1860 775 1922; baseline -0.001 -1"><span class='ocrx_word' id='word_1_109' title='bbox 76 1868 107 1921; x_wconf 86' lang='lat' dir='ltr'><strong>et</strong></span> <span class='ocrx_word' id='word_1_110' title='bbox 122 1860 201 1921; x_wconf 92' lang='lat' dir='ltr'><strong>mille</strong></span> <span class='ocrx_word' id='word_1_111' title='bbox 217 1861 327 1921; x_wconf 78' lang='lat' dir='ltr'><strong>formas</strong></span> <span class='ocrx_word' id='word_1_112' title='bbox 342 1863 456 1921; x_wconf 89' lang='lat' dir='ltr'><strong>mortis.</strong></span> <span class='ocrx_word' id='word_1_113' title='bbox 488 1861 558 1921; x_wconf 88' lang='lat' dir='ltr'><strong>hine</strong></span> <span class='ocrx_word' id='word_1_114' title='bbox 574 1870 670 1922; x_wconf 90' lang='lat' dir='ltr'><strong>terras</strong></span> <span class='ocrx_word' id='word_1_115' title='bbox 686 1879 775 1921; x_wconf 90' lang='lat' dir='ltr'><strong>cruor</strong></span> 
     </span>
     <span class='ocr_line' id='line_1_21' title="bbox 75 1944 656 2007; baseline 0.005 -3"><span class='ocrx_word' id='word_1_116' title='bbox 75 1944 180 2005; x_wconf 85' lang='lat' dir='ltr'><strong>iniecit</strong></span> <span class='ocrx_word' id='word_1_117' title='bbox 196 1947 291 2005; x_wconf 92' lang='lat' dir='ltr'><strong>omnis</strong></span> <span class='ocrx_word' id='word_1_118' title='bbox 307 1945 389 2006; x_wconf 82' lang='lat' dir='ltr'><strong>susus</strong></span> <span class='ocrx_word' id='word_1_119' title='bbox 405 1954 434 2005; x_wconf 88' lang='lat' dir='ltr'><strong>et</strong></span> <span class='ocrx_word' id='word_1_120' title='bbox 449 1945 550 2007; x_wconf 90' lang='lat' dir='ltr'><strong>rubuit</strong></span> <span class='ocrx_word' id='word_1_121' title='bbox 565 1964 656 2007; x_wconf 88' lang='lat' dir='ltr'><strong>mare.</strong></span> 
     </span>
     <span class='ocr_line' id='line_1_22' title="bbox 76 2028 803 2108; baseline -0.001 -20"><span class='ocrx_word' id='word_1_122' title='bbox 76 2038 140 2089; x_wconf 87' lang='lat' dir='ltr'><strong>tum</strong></span> <span class='ocrx_word' id='word_1_123' title='bbox 156 2028 269 2089; x_wconf 88' lang='lat' dir='ltr'><strong>scelera</strong></span> <span class='ocrx_word' id='word_1_124' title='bbox 285 2030 404 2108; x_wconf 89' lang='lat' dir='ltr'><strong>dempto</strong></span> <span class='ocrx_word' id='word_1_125' title='bbox 419 2031 478 2090; x_wconf 90' lang='lat' dir='ltr'><strong>tine</strong></span> <span class='ocrx_word' id='word_1_126' title='bbox 493 2049 548 2108; x_wconf 89' lang='lat' dir='ltr'><strong>per</strong></span> <span class='ocrx_word' id='word_1_127' title='bbox 563 2040 684 2091; x_wconf 89' lang='lat' dir='ltr'><strong>cunctas</strong></span> <span class='ocrx_word' id='word_1_128' title='bbox 699 2031 803 2091; x_wconf 91' lang='lat' dir='ltr'><strong>domos</strong></span> 
     </span>
     <span class='ocr_line' id='line_1_23' title="bbox 75 2113 662 2193; baseline 0.007 -21"><span class='ocrx_word' id='word_1_129' title='bbox 75 2116 154 2181; x_wconf 91' lang='lat' dir='ltr'><strong>iere,</strong></span> <span class='ocrx_word' id='word_1_130' title='bbox 178 2113 292 2174; x_wconf 89' lang='lat' dir='ltr'><strong>nullum</strong></span> <span class='ocrx_word' id='word_1_131' title='bbox 309 2115 404 2174; x_wconf 87' lang='lat' dir='ltr'><strong>caruit</strong></span> <span class='ocrx_word' id='word_1_132' title='bbox 419 2115 555 2193; x_wconf 84' lang='lat' dir='ltr'><strong>exemplo</strong></span> <span class='ocrx_word' id='word_1_133' title='bbox 571 2116 662 2176; x_wconf 82' lang='lat' dir='ltr'><strong>netas.</strong></span> 
     </span>
     <span class='ocr_line' id='line_1_24' title="bbox 78 2198 683 2278; baseline 0.005 -21"><span class='ocrx_word' id='word_1_134' title='bbox 78 2216 94 2257; x_wconf 95' lang='lat' dir='ltr'><strong>a</strong></span> <span class='ocrx_word' id='word_1_135' title='bbox 112 2198 206 2258; x_wconf 80' lang='lat' dir='ltr'><strong>fratre</strong></span> <span class='ocrx_word' id='word_1_136' title='bbox 220 2198 327 2267; x_wconf 83' lang='lat' dir='ltr'><strong>frater,</strong></span> <span class='ocrx_word' id='word_1_137' title='bbox 343 2199 463 2259; x_wconf 84' lang='lat' dir='ltr'><strong>dextera</strong></span> <span class='ocrx_word' id='word_1_138' title='bbox 480 2201 559 2276; x_wconf 83' lang='lat' dir='ltr'><strong>gnati</strong></span> <span class='ocrx_word' id='word_1_139' title='bbox 574 2218 683 2278; x_wconf 87' lang='lat' dir='ltr'><strong>parens</strong></span> 
     </span>
     <span class='ocr_line' id='line_1_25' title="bbox 77 2282 679 2360; baseline 0.003 -19"><span class='ocrx_word' id='word_1_140' title='bbox 77 2282 202 2350; x_wconf 87' lang='lat' dir='ltr'><strong>cecidit,</strong></span> <span class='ocrx_word' id='word_1_141' title='bbox 218 2284 342 2342; x_wconf 89' lang='lat' dir='ltr'><strong>maritus</strong></span> <span class='ocrx_word' id='word_1_142' title='bbox 358 2284 492 2360; x_wconf 86' lang='lat' dir='ltr'><strong>coniugis</strong></span> <span class='ocrx_word' id='word_1_143' title='bbox 507 2284 587 2345; x_wconf 80' lang='lat' dir='ltr'><strong>terro</strong></span> <span class='ocrx_word' id='word_1_144' title='bbox 601 2285 679 2345; x_wconf 87' lang='lat' dir='ltr'><strong>iacet</strong></span> 
     </span>
     <span class='ocr_line' id='line_1_26' title="bbox 75 2366 712 2445; baseline 0.008 -21"><span class='ocrx_word' id='word_1_145' title='bbox 75 2367 287 2444; x_wconf 82' lang='lat' dir='ltr'><strong>perimuntque</strong></span> <span class='ocrx_word' id='word_1_146' title='bbox 303 2366 378 2428; x_wconf 85' lang='lat' dir='ltr'><strong>ictus</strong></span> <span class='ocrx_word' id='word_1_147' title='bbox 394 2366 492 2445; x_wconf 73' lang='lat' dir='ltr'><strong>inpiae</strong></span> <span class='ocrx_word' id='word_1_148' title='bbox 509 2377 618 2429; x_wconf 86' lang='lat' dir='ltr'><strong>matres</strong></span> <span class='ocrx_word' id='word_1_149' title='bbox 633 2387 712 2429; x_wconf 89' lang='lat' dir='ltr'><strong>snos.</strong></span> 
     </span>
     <span class='ocr_line' id='line_1_27' title="bbox 76 2450 767 2532; baseline 0.006 -21"><span class='ocrx_word' id='word_1_150' title='bbox 76 2450 197 2530; x_wconf 80' lang='lat' dir='ltr'><strong>[Taceo</strong></span> <span class='ocrx_word' id='word_1_151' title='bbox 212 2468 371 2514; x_wconf 85' lang='lat' dir='ltr'><strong>aoaercas.</strong></span> <span class='ocrx_word' id='word_1_152' title='bbox 402 2456 503 2514; x_wconf 74' lang='lat' dir='ltr'><strong>mittas</strong></span> <span class='ocrx_word' id='word_1_153' title='bbox 517 2457 595 2514; x_wconf 79' lang='lat' dir='ltr'><strong>nihil</strong></span> <span class='ocrx_word' id='word_1_154' title='bbox 608 2463 651 2514; x_wconf 80' lang='lat' dir='ltr'><strong>est</strong></span> <span class='ocrx_word' id='word_1_155' title='bbox 662 2452 767 2532; x_wconf 70' lang='lat' dir='ltr'><strong>sarta]</strong></span> 
     </span>
     <span class='ocr_line' id='line_1_28' title="bbox 38 2534 942 2598; baseline 0.007 -6"><span class='ocrx_word' id='word_1_156' title='bbox 38 2561 57 2592; x_wconf 87' lang='lat' dir='ltr'><strong>n</strong></span> <span class='ocrx_word' id='word_1_157' title='bbox 122 2534 181 2595; x_wconf 89' lang='lat' dir='ltr'><strong>Sed</strong></span> <span class='ocrx_word' id='word_1_158' title='bbox 198 2535 256 2596; x_wconf 79' lang='lat' dir='ltr'><strong>dux</strong></span> <span class='ocrx_word' id='word_1_159' title='bbox 272 2536 418 2598; x_wconf 89' lang='lat' dir='ltr'><strong>malorum</strong></span> <span class='ocrx_word' id='word_1_160' title='bbox 435 2538 553 2597; x_wconf 88' lang='lat' dir='ltr'><strong>semina.</strong></span> <span class='ocrx_word' id='word_1_161' title='bbox 585 2538 658 2597; x_wconf 88' lang='lat' dir='ltr'><strong>haec</strong></span> <span class='ocrx_word' id='word_1_162' title='bbox 674 2538 820 2598; x_wconf 86' lang='lat' dir='ltr'><strong>scelerum</strong></span> <span class='ocrx_word' id='word_1_163' title='bbox 837 2540 942 2598; x_wconf 80' lang='lat' dir='ltr'><strong>artifex</strong></span> 
     </span>
     <span class='ocr_line' id='line_1_29' title="bbox 75 2618 699 2699; baseline 0.005 -21"><span class='ocrx_word' id='word_1_164' title='bbox 75 2618 195 2680; x_wconf 83' lang='lat' dir='ltr'><strong>obsedit</strong></span> <span class='ocrx_word' id='word_1_165' title='bbox 210 2621 337 2690; x_wconf 89' lang='lat' dir='ltr'><strong>animos,</strong></span> <span class='ocrx_word' id='word_1_166' title='bbox 354 2621 441 2682; x_wconf 86' lang='lat' dir='ltr'><strong>huius</strong></span> <span class='ocrx_word' id='word_1_167' title='bbox 457 2624 575 2682; x_wconf 84' lang='lat' dir='ltr'><strong>incestis</strong></span> <span class='ocrx_word' id='word_1_168' title='bbox 590 2624 699 2699; x_wconf 86' lang='lat' dir='ltr'><strong>stupris</strong></span> 
     </span>
     <span class='ocr_line' id='line_1_30' title="bbox 74 2704 761 2788; baseline 0.001 -24"><span class='ocrx_word' id='word_1_169' title='bbox 74 2704 193 2764; x_wconf 78' lang='lat' dir='ltr'><strong>fumant</strong></span> <span class='ocrx_word' id='word_1_170' title='bbox 208 2711 251 2766; x_wconf 90' lang='lat' dir='ltr'><strong>tot</strong></span> <span class='ocrx_word' id='word_1_171' title='bbox 266 2706 357 2766; x_wconf 89' lang='lat' dir='ltr'><strong>urbes</strong></span> <span class='ocrx_word' id='word_1_172' title='bbox 372 2705 447 2766; x_wconf 84' lang='lat' dir='ltr'><strong>belia</strong></span> <span class='ocrx_word' id='word_1_173' title='bbox 464 2708 626 2782; x_wconf 82' lang='lat' dir='ltr'><strong>totg&#39;entes</strong></span> <span class='ocrx_word' id='word_1_174' title='bbox 641 2714 761 2788; x_wconf 9' lang='lat' dir='ltr'><strong>gerunt?</strong></span> 
     </span>
    </p>
   </div>
   <div class='ocr_carea' id='block_1_3' title="bbox 119 2893 279 2900">
    <p class='ocr_par' dir='ltr' id='par_1_3' title="bbox 119 2893 279 2900">
     <span class='ocr_line' id='line_1_31' title="bbox 119 2893 279 2900; baseline 0.019 -3"><span class='ocrx_word' id='word_1_175' title='bbox 119 2893 279 2900; x_wconf 48' lang='lat' dir='ltr'>.-.w—-</span> 
     </span>
    </p>
   </div>
   <div class='ocr_carea' id='block_1_4' title="bbox 69 3005 996 3551">
    <p class='ocr_par' dir='ltr' id='par_1_4' title="bbox 69 3005 996 3551">
     <span class='ocr_line' id='line_1_32' title="bbox 144 3005 992 3076; baseline 0.004 -18"><span class='ocrx_word' id='word_1_176' title='bbox 144 3009 195 3058; x_wconf 83' lang='grc'><strong>545</strong></span> <span class='ocrx_word' id='word_1_177' title='bbox 219 3024 264 3059; x_wconf 81' lang='lat' dir='ltr'><strong>ser</strong></span> <span class='ocrx_word' id='word_1_178' title='bbox 282 3024 351 3058; x_wconf 83' lang='lat' dir='ltr'><strong>arua</strong></span> <span class='ocrx_word' id='word_1_179' title='bbox 368 3007 402 3057; x_wconf 90' lang='lat' dir='ltr'><strong>E¹</strong></span> <span class='ocrx_word' id='word_1_180' title='bbox 427 3025 496 3061; x_wconf 85' lang='lat' dir='ltr'><strong>corr.</strong></span> <span class='ocrx_word' id='word_1_181' title='bbox 517 3008 551 3058; x_wconf 66' lang='grc' dir='ltr'><strong>Ε2</strong></span> <span class='ocrx_word' id='word_1_182' title='bbox 575 3005 586 3075; x_wconf 77' lang='grc' dir='ltr'>Η</span> <span class='ocrx_word' id='word_1_183' title='bbox 610 3011 658 3060; x_wconf 80' lang='grc'><strong>547</strong></span> <span class='ocrx_word' id='word_1_184' title='bbox 676 3009 820 3060; x_wconf 86' lang='lat' dir='ltr'><strong>dederunt</strong></span> <span class='ocrx_word' id='word_1_185' title='bbox 837 3016 868 3060; x_wconf 85' lang='lat' dir='ltr'><strong>cr&#39;.</strong></span> <span class='ocrx_word' id='word_1_186' title='bbox 888 3011 992 3076; x_wconf 60' lang='lat' dir='ltr'><strong>Natat</strong></span> 
     </span>
     <span class='ocr_line' id='line_1_33' title="bbox 71 3072 992 3144; baseline 0.003 -18"><span class='ocrx_word' id='word_1_187' title='bbox 71 3077 124 3126; x_wconf 80' lang='lat'><strong>549</strong></span> <span class='ocrx_word' id='word_1_188' title='bbox 142 3090 260 3141; x_wconf 85' lang='lat' dir='ltr'><strong>precesp</strong></span> <span class='ocrx_word' id='word_1_189' title='bbox 277 3076 303 3124; x_wconf 81' lang='lat' dir='ltr'><em>E</em></span> <span class='ocrx_word' id='word_1_190' title='bbox 314 3072 326 3142; x_wconf 83' lang='grc' dir='ltr'><strong>ΙΙ</strong></span> <span class='ocrx_word' id='word_1_191' title='bbox 337 3077 385 3126; x_wconf 84' lang='grc'><strong>551</strong></span> <span class='ocrx_word' id='word_1_192' title='bbox 406 3082 547 3126; x_wconf 87' lang='lat' dir='ltr'><strong>cruentum</strong></span> <span class='ocrx_word' id='word_1_193' title='bbox 560 3078 669 3128; x_wconf 86' lang='lat' dir='ltr'><strong>facinus</strong></span> <span class='ocrx_word' id='word_1_194' title='bbox 682 3078 768 3141; x_wconf 86' lang='lat' dir='ltr'><strong>preda</strong></span> <span class='ocrx_word' id='word_1_195' title='bbox 786 3087 809 3142; x_wconf 84' lang='grc' dir='ltr'>ψ</span> <span class='ocrx_word' id='word_1_196' title='bbox 821 3076 833 3144; x_wconf 79' lang='lat' dir='ltr'>ss</span> <span class='ocrx_word' id='word_1_197' title='bbox 844 3081 894 3130; x_wconf 88' lang='grc'><strong>553</strong></span> <span class='ocrx_word' id='word_1_198' title='bbox 912 3095 992 3129; x_wconf 84' lang='lat' dir='ltr'><strong>sexa-</strong></span> 
     </span>
     <span class='ocr_line' id='line_1_34' title="bbox 72 3139 993 3212; baseline 0.003 -19"><span class='ocrx_word' id='word_1_199' title='bbox 72 3158 128 3207; x_wconf 87' lang='lat' dir='ltr'><strong>que</strong></span> <span class='ocrx_word' id='word_1_200' title='bbox 150 3158 169 3193; x_wconf 82' lang='lat' dir='ltr'><strong>a</strong></span> <span class='ocrx_word' id='word_1_201' title='bbox 191 3139 204 3210; x_wconf 88' lang='grc' dir='ltr'><strong>ΙΙ</strong></span> <span class='ocrx_word' id='word_1_202' title='bbox 227 3145 463 3195; x_wconf 72' lang='lat' dir='ltr'><strong>concatenatae</strong></span> <span class='ocrx_word' id='word_1_203' title='bbox 484 3150 568 3209; x_wconf 86' lang='lat' dir='ltr'><strong>capnt</strong></span> <span class='ocrx_word' id='word_1_204' title='bbox 586 3146 610 3195; x_wconf 83' lang='lat' dir='ltr'><em>A</em></span> <span class='ocrx_word' id='word_1_205' title='bbox 631 3150 679 3194; x_wconf 80' lang='lat' dir='ltr'><strong>aut</strong></span> <span class='ocrx_word' id='word_1_206' title='bbox 697 3146 779 3196; x_wconf 88' lang='lat' dir='ltr'><strong>triste</strong></span> <span class='ocrx_word' id='word_1_207' title='bbox 798 3152 921 3212; x_wconf 71' lang='lat' dir='ltr'><strong>caputet</strong></span> <span class='ocrx_word' id='word_1_208' title='bbox 944 3153 993 3196; x_wconf 85' lang='lat' dir='ltr'><strong>aut</strong></span> 
     </span>
     <span class='ocr_line' id='line_1_35' title="bbox 72 3207 992 3279; baseline 0.003 -18"><span class='ocrx_word' id='word_1_209' title='bbox 72 3213 162 3262; x_wconf 81' lang='lat' dir='ltr'><strong>orista</strong></span> <span class='ocrx_word' id='word_1_210' title='bbox 179 3211 274 3277; x_wconf 87' lang='lat' dir='ltr'><strong>procul</strong></span> <span class='ocrx_word' id='word_1_211' title='bbox 293 3207 348 3278; x_wconf 75' lang='grc' dir='ltr'><strong>ΕΠ</strong></span> <span class='ocrx_word' id='word_1_212' title='bbox 367 3214 416 3262; x_wconf 82' lang='grc'><strong>557</strong></span> <span class='ocrx_word' id='word_1_213' title='bbox 435 3211 512 3262; x_wconf 91' lang='lat' dir='ltr'><strong>dolor</strong></span> <span class='ocrx_word' id='word_1_214' title='bbox 529 3229 551 3262; x_wconf 83' lang='grc' dir='ltr'><em>ω</em></span> <span class='ocrx_word' id='word_1_215' title='bbox 569 3212 657 3262; x_wconf 79' lang='lat' dir='ltr'><strong>dolus</strong></span> <span class='ocrx_word' id='word_1_216' title='bbox 675 3217 706 3263; x_wconf 80' lang='lat' dir='ltr'><strong>ci.</strong></span> <span class='ocrx_word' id='word_1_217' title='bbox 720 3214 854 3279; x_wconf 76' lang='lat' dir='ltr'><strong>Stephani.</strong></span> <span class='ocrx_word' id='word_1_218' title='bbox 877 3216 992 3278; x_wconf 70' lang='lat' dir='ltr'><strong>fortasse</strong></span> 
     </span>
     <span class='ocr_line' id='line_1_36' title="bbox 71 3279 992 3348; baseline -0.001 -19"><span class='ocrx_word' id='word_1_219' title='bbox 71 3279 249 3329; x_wconf 74' lang='lat' dir='ltr'><strong>scribendam:</strong></span> <span class='ocrx_word' id='word_1_220' title='bbox 271 3280 330 3340; x_wconf 81' lang='lat' dir='ltr'><strong>tela</strong></span> <span class='ocrx_word' id='word_1_221' title='bbox 349 3279 475 3329; x_wconf 82' lang='lat' dir='ltr'><strong>faciebat</strong></span> <span class='ocrx_word' id='word_1_222' title='bbox 492 3279 587 3329; x_wconf 89' lang='lat' dir='ltr'><strong>locus</strong></span> <span class='ocrx_word' id='word_1_223' title='bbox 606 3279 635 3342; x_wconf 78' lang='grc' dir='ltr'><strong>(ἰ.</strong></span> <span class='ocrx_word' id='word_1_224' title='bbox 648 3297 670 3330; x_wconf 83' lang='lat' dir='ltr'><strong>e.</strong></span> <span class='ocrx_word' id='word_1_225' title='bbox 684 3282 796 3343; x_wconf 81' lang='lat' dir='ltr'><strong>occasio)</strong></span> <span class='ocrx_word' id='word_1_226' title='bbox 809 3279 821 3348; x_wconf 78' lang='lat' dir='ltr'>ss</span> <span class='ocrx_word' id='word_1_227' title='bbox 832 3280 884 3332; x_wconf 83' lang='grc'><strong>566</strong></span> <span class='ocrx_word' id='word_1_228' title='bbox 900 3282 992 3329; x_wconf 89' lang='lat' dir='ltr'><strong>mitior</strong></span> 
     </span>
     <span class='ocr_line' id='line_1_37' title="bbox 71 3345 992 3413; baseline -0.002 -17"><span class='ocrx_word' id='word_1_229' title='bbox 71 3362 153 3396; x_wconf 84' lang='lat' dir='ltr'><strong>mens</strong></span> <span class='ocrx_word' id='word_1_230' title='bbox 172 3352 215 3396; x_wconf 81' lang='lat' dir='ltr'><strong>est</strong></span> <span class='ocrx_word' id='word_1_231' title='bbox 231 3347 302 3397; x_wconf 82' lang='lat' dir='ltr'><strong>feris</strong></span> <span class='ocrx_word' id='word_1_232' title='bbox 318 3349 350 3398; x_wconf 81' lang='lat' dir='ltr'><strong>ci.</strong></span> <span class='ocrx_word' id='word_1_233' title='bbox 364 3346 490 3412; x_wconf 82' lang='lat' dir='ltr'><strong>Scaliger.</strong></span> <span class='ocrx_word' id='word_1_234' title='bbox 514 3350 578 3396; x_wconf 83' lang='lat' dir='ltr'><strong>eieci</strong></span> <span class='ocrx_word' id='word_1_235' title='bbox 595 3364 702 3398; x_wconf 82' lang='lat' dir='ltr'><strong>aeream.</strong></span> <span class='ocrx_word' id='word_1_236' title='bbox 726 3351 759 3413; x_wconf 84' lang='lat' dir='ltr'><strong>cs.</strong></span> <span class='ocrx_word' id='word_1_237' title='bbox 775 3349 819 3399; x_wconf 86' lang='lat' dir='ltr'><strong>Oa.</strong></span> <span class='ocrx_word' id='word_1_238' title='bbox 832 3350 888 3398; x_wconf 76' lang='lat' dir='ltr'><strong>lter.</strong></span> <span class='ocrx_word' id='word_1_239' title='bbox 901 3347 935 3395; x_wconf 88' lang='lat' dir='ltr'><strong>X.</strong></span> <span class='ocrx_word' id='word_1_240' title='bbox 950 3351 965 3394; x_wconf 89' lang='lat'><em>1</em></span> <span class='ocrx_word' id='word_1_241' title='bbox 983 3345 992 3412; x_wconf 69' lang='lat' dir='ltr'><strong>lt</strong></span> 
     </span>
     <span class='ocr_line' id='line_1_38' title="bbox 70 3411 990 3483; baseline 0.001 -19"><span class='ocrx_word' id='word_1_242' title='bbox 70 3415 123 3465; x_wconf 85' lang='grc'><strong>568</strong></span> <span class='ocrx_word' id='word_1_243' title='bbox 143 3417 173 3463; x_wconf 85' lang='lat' dir='ltr'><strong>et</strong></span> <span class='ocrx_word' id='word_1_244' title='bbox 192 3413 216 3464; x_wconf 83' lang='lat' dir='ltr'><em>A</em></span> <span class='ocrx_word' id='word_1_245' title='bbox 239 3414 292 3464; x_wconf 83' lang='lat' dir='ltr'><strong>hec</strong></span> <span class='ocrx_word' id='word_1_246' title='bbox 309 3414 335 3464; x_wconf 78' lang='grc' dir='ltr'><em>Ε</em></span> <span class='ocrx_word' id='word_1_247' title='bbox 358 3411 370 3483; x_wconf 76' lang='lat' dir='ltr'><strong>[l</strong></span> <span class='ocrx_word' id='word_1_248' title='bbox 393 3415 443 3465; x_wconf 87' lang='grc'><strong>566</strong></span> <span class='ocrx_word' id='word_1_249' title='bbox 461 3415 541 3464; x_wconf 91' lang='lat' dir='ltr'><strong>huius</strong></span> <span class='ocrx_word' id='word_1_250' title='bbox 561 3416 660 3466; x_wconf 88' lang='lat' dir='ltr'><strong>incesti</strong></span> <span class='ocrx_word' id='word_1_251' title='bbox 678 3417 703 3466; x_wconf 84' lang='grc' dir='ltr'><em>Ε</em></span> <span class='ocrx_word' id='word_1_252' title='bbox 726 3418 804 3466; x_wconf 86' lang='lat' dir='ltr'><strong>cuius</strong></span> <span class='ocrx_word' id='word_1_253' title='bbox 821 3416 945 3465; x_wconf 86' lang='lat' dir='ltr'><strong>incestae</strong></span> <span class='ocrx_word' id='word_1_254' title='bbox 966 3416 990 3465; x_wconf 85' lang='grc' dir='ltr'><em>Α</em></span> 
     </span>
     <span class='ocr_line' id='line_1_39' title="bbox 69 3479 996 3551; baseline 0.004 -21"><span class='ocrx_word' id='word_1_255' title='bbox 69 3482 197 3532; x_wconf 78' lang='lat' dir='ltr'><strong>incestis</strong></span> <span class='ocrx_word' id='word_1_256' title='bbox 210 3481 240 3551; x_wconf 66' lang='lat' dir='ltr'><strong>J·</strong></span> <span class='ocrx_word' id='word_1_257' title='bbox 250 3482 294 3532; x_wconf 77' lang='lat' dir='ltr'><strong>Gr.</strong></span> <span class='ocrx_word' id='word_1_258' title='bbox 318 3479 330 3549; x_wconf 71' lang='lat' dir='ltr'><strong>il</strong></span> <span class='ocrx_word' id='word_1_259' title='bbox 994 3508 996 3513; x_wconf 94' lang='lat'>·</span> 
     </span>
    </p>
   </div>
   <div class='ocr_carea' id='block_1_5' title="bbox 0 0 1177 3922">
    <p class='ocr_par' dir='ltr' id='par_1_5' title="bbox 0 0 1177 3922">
     <span class='ocr_line' id='line_1_40' title="bbox 0 0 1177 3922; baseline 0 0"><span class='ocrx_word' id='word_1_260' title='bbox 0 0 1177 3922; x_wconf 95' lang='lat' dir='ltr'><strong> </strong></span> 
     </span>
    </p>
   </div>
  </div>
 </body>
</html>
