2326 3922
462 213 642 270 THYnsnns

90 361 151 423 telo
166 359 242 440 petis
256 360 389 428 minore,
405 356 457 418 sed
474 374 531 435 qua
546 360 691 421 montium

89 445 257 524 tergemina
272 444 368 506 mules
383 443 487 504 cecidit
504 452 534 505 et
549 445 600 523 qui
615 445 767 506 mantibus

90 531 211 593 stabant
224 546 313 607 pares
328 532 471 607 gigantes,
487 530 548 590 hun
563 547 644 590 arma
661 530 766 609 expedi

89 621 234 697 ignesque
249 621 365 694 torque.
393 614 511 675 uindica
526 615 666 675 amissum
682 615 770 675 diem.

91 703 249 784 [iaculare
261 705 418 776 flammas:
432 703 533 761 lumen
548 707 685 776 ereptum
694 695 782 782 polo]

43 795 81 870 g'‘
134 784 322 848 Fulminibus
337 784 432 864 exple.
459 803 556 856 eausa,
573 801 612 844 ne
627 783 743 847 dubites
759 786 818 856 diu,

91 873 247 951 utriusque
261 868 337 930 mala
354 870 405 940 sit,
421 871 575 938 siminus,
591 871 670 932 mala
685 872 723 931 sit
738 889 817 932 mea:

90 975 139 1017 me
154 963 231 1035 pete.
260 953 383 1016 trisuleo
398 955 564 1016 flammeam
580 955 640 1017 telo
656 955 751 1016 larem

89 1060 146 1121 per
160 1048 265 1119 pertus
280 1039 338 1101 hoc
353 1041 530 1101 transmitte.
561 1042 585 1101 si
600 1048 705 1118 gnatos
720 1047 805 1120 pater

89 1127 216 1187 humare
233 1134 263 1186 et
277 1125 339 1201 igni
355 1125 472 1186 tradere
488 1131 621 1186 extremo
637 1124 715 1194 uolo,

90 1228 147 1290 ego
164 1227 229 1270 sum
246 1210 432 1272 cremandus.
460 1209 485 1270 si
498 1208 573 1270 nihil
588 1228 714 1289 superos
729 1217 829 1271 mouet

88 1294 265 1374 nullumque
281 1293 345 1356 telis
361 1295 459 1374 inpios
475 1310 584 1354 numen
600 1297 689 1372 petit:

89 1389 211 1441 aeterna
227 1397 286 1439 nox
301 1386 476 1458 permaneat
492 1385 522 1439 et
535 1378 668 1440 tenebris
684 1385 762 1456 tegat

88 1468 223 1525 inmensa
240 1463 336 1543 longis
352 1462 474 1525 scelera.
502 1462 543 1523 nil
559 1465 645 1525 Titan
661 1481 781 1541 queror,

88 1551 114 1610 si
130 1567 317 1627 perseueras.

49 1653 70 1701 h
134 1647 215 1693 nnn.
375 1632 460 1695 Nuna
475 1652 557 1695 meas
572 1633 659 1694 laudo
674 1652 789 1702 manus,

87 1736 170 1780 nune
186 1725 272 1795 parta
287 1736 358 1779 uera
374 1727 419 1780 est
435 1717 544 1799 palma.
570 1718 760 1798 perdideram
777 1718 873 1780 scelus

87 1803 149 1863 nisi
164 1805 208 1863 sie
223 1801 350 1864 doleres.
377 1801 487 1865 liberos
504 1806 586 1865 nasei
601 1803 674 1863 mihi

86 1905 170 1948 nune
186 1887 294 1957 credo,
312 1889 398 1948 rastis
414 1906 494 1949 nune
508 1888 598 1949 fidem
613 1887 698 1948 reddi
714 1890 794 1948 toris.

87 1986 170 2053 nnn.
197 1972 269 2050 quid
284 1971 369 2032 liberi
385 1975 542 2034 meruere?
627 1980 630 1984 ’

85 2071 168 2117 nnn.
587 2057 666 2137 quod
682 2057 801 2119 fuerant
816 2061 867 2120 tui.

38 2151 69 2209 h‘
132 2153 213 2201 nnn.
242 2141 353 2202 Gnatus
368 2144 493 2222 parenti.

84 2238 169 2285 ΛΤΒ.
513 2227 608 2286 fateor
624 2234 653 2287 et
669 2228 746 2307 quod
762 2247 810 2288 rne
824 2230 915 2298 iuuat,
969 2254 972 2258 “

86 2318 197 2371 certos.
761 2363 766 2372 .

85 2407 170 2455 Tm.
237 2396 356 2473 piorum
371 2395 523 2473 praesides
540 2404 632 2457 testor
648 2397 727 2458 deos.

71 2483 170 2539 'ann
193 2479 283 2556 quid?
306 2479 493 2558 coniugales?

84 2575 171 2624 THY.
529 2565 642 2627 scelere
659 2567 724 2645 quis
739 2575 843 2643 pensat
857 2563 971 2627 scelus?

83 2659 169 2708 ΛΤΒ.
198 2650 260 2710 scio
277 2649 347 2729 quid
363 2650 512 2728 queraris:
533 2648 647 2712 scelere
662 2659 821 2730 praerepto
837 2651 919 2712 doles

83 2751 144 2793 nec
161 2733 238 2812 quod
253 2735 396 2796 nefandas
411 2735 548 2796 hauseris
564 2739 644 2816 angit
660 2735 759 2816 dapes,

83 2818 169 2896 quud
185 2836 245 2878 non
263 2821 391 2896 pararis:

28 2896 72 2956 h''
421 2905 530 2966 Fuerat
544 2905 593 2966 hin
609 2906 724 2967 animus
738 2904 792 2965 tibi
1025 2925 1091 2974 1110

80 2991 238 3050 iustruere
254 2987 364 3050 similes
378 2991 471 3050 inscio
487 2989 571 3050 fratri
588 2990 670 3050 cibos

80 3083 112 3134 et
129 3070 291 3134 adiuuante
306 3073 417 3135 liberos
432 3084 526 3135 matre
542 3075 663 3153 aggredi

78 3155 234 3235 similique
250 3156 310 3220 leto
326 3166 468 3220 sternere.
500 3158 557 3220 hon
573 3178 665 3220 unum
682 3159 802 3220 obstitit.

155 3311 222 3361 1088
239 3309 311 3361 haec
328 3328 350 3362 ω
368 3311 432 3361 hae
451 3309 523 3364 Gaui.
536 3310 562 3359 E
574 3308 699 3376 Scaliger.
723 3307 735 3378 ll
759 3313 824 3362 1090
843 3313 892 3361 del.
905 3309 968 3358 li.P.
982 3304 994 3372 ll

77 3379 152 3430 1092
168 3377 244 3428 mala
258 3383 301 3429 ent
313 3380 430 3430 siminus
441 3378 467 3428 li
484 3377 559 3428 mala
576 3380 614 3428 nit
626 3380 651 3429 si
661 3380 752 3430 minus
765 3380 790 3428 Α
802 3375 813 3443 ΙΙ
827 3378 892 3427 1099
910 3375 1006 3425 saecla

74 3448 102 3497 A
128 3445 244 3496 seelera
263 3446 301 3498 lle
329 3444 341 3513 ll
370 3447 435 3498 1107
458 3447 528 3511 quin
553 3447 716 3512 coniugales
738 3449 770 3499 ei.
789 3445 864 3494 NHs.
892 3440 897 3510 Ι
939 3443 1004 3492 1109

73 3529 133 3567 nec
148 3513 203 3563 An
216 3511 326 3580 (nlla),
345 3529 399 3565 non
415 3513 482 3578 nu.
497 3513 554 3578 Gr.)
576 3511 590 3581 ΙΙ
618 3515 747 3580 tangitA
767 3512 883 3576 angitli
909 3506 915 3576 Ι

758 3596 800 3660 Ἰ*
