2326 3922
136 911 295 960 locnsrn.
327 911 516 960 ANTIGONE.
548 911 734 961 SATELLES.
766 913 961 964 romularis,

450 992 641 1044 ETEOOLES.

56 1126 75 1159 a
133 1113 202 1162 100.
226 1102 307 1162 Felix
322 1102 436 1179 Agaue:
458 1103 472 1162 t'
476 1103 604 1162 acinus
619 1102 802 1163 horrendum
818 1123 909 1165 manu

88 1206 147 1264 qua
162 1184 306 1246 fecerat
321 1187 447 1264 gestauit
461 1194 495 1248 at
509 1185 635 1264 spolium
651 1196 747 1263 caput

89 1277 212 1332 cruenta
227 1272 287 1330 nati
303 1271 421 1331 Maenas
435 1271 465 1331 in
481 1280 580 1348 partes
596 1271 664 1332 dati.
1058 1293 1110 1341 365

45 1353 72 1411 a'
131 1356 237 1416 Fecit
252 1355 393 1425 scelus,
411 1356 462 1416 sed
478 1357 585 1416 misera
601 1374 660 1415 nou
677 1356 755 1418 ultra
770 1375 823 1420 suo
929 1371 973 1413 ru.
989 1371 1107 1413 xxxxvr

88 1439 195 1500 sceleri
211 1441 389 1501 occucurrit.
416 1440 474 1500 hoc
490 1439 556 1501 leue
572 1441 710 1518 estquod
726 1461 791 1502 sum
808 1460 929 1514 nocens,
1024 1463 1040 1510 5

91 1524 148 1585 ieci
164 1532 316 1584 nocentes.
344 1525 402 1586 hoc
416 1543 534 1604 quoque
552 1526 720 1587 etiamnunc
736 1526 803 1587 leue
819 1536 871 1598 est,

91 1610 196 1689 peperi
212 1615 362 1670 nocentes,

60 1702 80 1750 b
336 1729 340 1734 -
403 1694 493 1754 Derat
507 1697 657 1755 aerumnis
671 1697 753 1765 meis,

94 1790 127 1840 ut
143 1786 172 1839 et
185 1779 299 1839 hostem
317 1797 456 1840 amarem.
482 1779 587 1840 bruma
603 1789 648 1840 ter
663 1783 761 1859 posuit
775 1782 859 1842 niues
1060 1805 1111 1851 370

94 1871 123 1923 et
137 1865 223 1924 tertia
239 1865 297 1923 iam
313 1862 388 1924 falce
404 1862 543 1924 decubuit
559 1863 657 1934 Ceres,

93 1954 126 2007 ut
141 1946 209 2008 exul
226 1956 305 2008 errat
321 1955 427 2026 gnatus
443 1955 472 2007 et
487 1950 582 2025 patria
598 1957 680 2009 caret
1026 1970 1058 2018 10

92 2033 298 2112 profugusque
312 2050 417 2110 regum
434 2031 538 2093 auxilia
555 2034 705 2111 graiorum
721 2041 815 2112 rogat.

55 2139 73 2172 c
135 2118 233 2178 Gener
250 2124 294 2176 est
308 2116 424 2177 Adrasti
441 2118 525 2177 cuius
540 2118 664 2194 imperio
681 2136 763 2178 mare

88 2201 167 2276 quod
184 2202 275 2277 cingit
289 2200 417 2261 Isthmos
432 2202 555 2279 regitur,
572 2202 621 2262 hic
636 2209 739 2278 gentes
754 2221 822 2264 suas

88 2292 263 2364 septemque
278 2303 379 2346 secum
394 2302 487 2362 regna
503 2286 539 2345 ad
556 2285 696 2358 auxilium
712 2283 803 2346 trahit

88 2387 211 2446 genero.
239 2370 308 2447 quid
325 2378 424 2448 optem
441 2370 551 2450 quidue
567 2371 734 2440 decernam,
753 2372 825 2432 haut
839 2372 910 2432 scio.
1026 2393 1058 2441 15

44 2452 72 2511 b'
132 2454 266 2530 Regnum
282 2457 425 2532 reposcit.
452 2473 540 2515 causa
555 2458 717 2533 repetentis
733 2455 808 2516 bona
825 2464 878 2526 est

87 2536 166 2598 mala
182 2540 225 2598 sic
240 2540 378 2616 petentis.
406 2544 475 2599 uota
492 2558 567 2617 quae
582 2540 686 2599 faciam
703 2543 831 2618 pareus?

87 2625 240 2701 utrimque
255 2631 356 2683 natum
372 2616 475 2684 uideo:
493 2623 533 2682 nil
549 2641 669 2702 possum
686 2626 733 2701 pie
1055 2645 1110 2693 aaa

161 2791 191 2840 la
209 2792 337 2842 codicibus
355 2792 551 2841 Phoenissaram
575 2793 708 2857 relliquiae
726 2795 865 2844 cohaerent
887 2811 940 2844 cam
959 2795 1007 2844 Oe-

87 2861 145 2923 dipi
163 2860 318 2977 sdffleltm
359 2858 527 2910 continuatur
553 2875 649 2910 scaena
671 2862 697 2909 in
720 2863 760 2924 A,
795 2878 885 2912 nouam
912 2866 1007 2913 cousti-

87 2934 161 2976 tuunt
279 2965 285 2977 .

158 3078 316 3130 IOOASTA
330 3104 337 3117 ·
352 3078 538 3130 SATELLES
550 3104 556 3117 ·
568 3079 765 3135 POLINICES
778 3106 784 3119 ·
796 3079 1007 3131 EThEOCLES

87 3147 115 3196 Ε
144 3147 267 3198 Iocasta.
286 3146 435 3212 Antigone.
455 3147 579 3196 Nuncius
602 3147 625 3197 R
653 3144 665 3212 ll
694 3150 709 3197 2
734 3154 761 3198 et
780 3164 820 3214 sp.
840 3150 904 3198 tulit
923 3166 944 3198 ω
973 3154 1008 3197 ut

87 3229 130 3278 sp.
153 3219 254 3280 ceput
270 3217 373 3279 scripsi.
398 3215 438 3278 Cf.
460 3213 672 3278 Oed.sr.u.18
706 3212 718 3280 Η
750 3217 862 3266 dultia
881 3232 902 3264 ω
932 3215 1007 3264 ultro

86 3284 121 3335 ci,
142 3281 218 3332 NHs.
249 3279 261 3349 Η
295 3298 374 3332 snum
392 3283 416 3332 Α
446 3297 496 3332 suo
514 3283 540 3331 E
573 3280 585 3348 ΙΙ
619 3284 748 3334 uscelus
766 3284 818 3334 hoc
842 3282 964 3331 cucurrit
982 3284 1007 3331 Α

86 3349 191 3399 sceleri
209 3351 374 3400 occurritE
396 3366 465 3403 corr.
486 3351 561 3400 NHs.
591 3347 605 3417 ss
638 3353 669 3402 15
692 3353 788 3415 generi
806 3351 831 3399 Α
861 3365 963 3414 genero
983 3350 1008 3398 E

89 3424 111 3465 t.
126 3416 201 3466 [ὃν.
233 3414 245 3483 ΙΙ
275 3420 307 3468 18
324 3421 469 3482 utrumque
488 3435 509 3468 ω
527 3435 597 3469 corr.
616 3419 664 3470 Bo.
678 3416 690 3484 Η
