2326 3922
137 190 200 255 282
426 208 457 252 n.
474 207 607 253 annam
623 205 781 253 SENECAE

139 348 209 406 hcc
226 345 475 405 lacerelason
492 346 633 424 patuit?
657 351 760 424 erepto
777 351 862 423 patre

142 432 234 510 patria
252 437 339 509 atque
355 447 448 507 regno
465 429 585 491 sedibus
600 428 692 490 solam
710 431 819 491 exteris

141 514 298 575 deserere?
322 515 414 574 durus
430 516 533 574 merita
551 515 729 592 contempsit
743 533 809 576 mea

140 601 190 677 qni
206 599 318 659 scelere
334 599 467 659 llammas
483 599 600 659 uiderat
615 601 694 659 uinci
710 607 738 659 et
753 601 855 660 marei

140 685 252 746 adeone
269 684 370 744 credet
386 703 472 744 omne
488 691 696 761 consumptum
713 684 817 744 nelasl

105 770 131 828 a'
184 770 300 830 Incerta
316 787 440 829 uaecnrs
457 778 555 829 mente
571 786 698 828 uaesana
714 769 796 828 ieron

134 864 239 931 ,partes
254 856 283 912 in
299 872 417 922 omnes,
434 853 512 913 unde
528 871 575 913 me
591 851 691 912 ulcisci
708 855 834 932 queam?

140 941 250 998 utinam
268 946 345 998 esset
360 938 402 999 illi
418 939 520 999 irater.
553 947 596 997 est
612 939 757 998 coniunx:
780 940 810 998 in
826 941 904 1000 banc
1045 937 1074 988 nt

141 1023 252 1083 terrum
270 1025 412 1098 exigatur.
431 1058 469 1068 —
486 1023 543 1081 hoc
560 1024 631 1082 meis
648 1023 717 1082 satis
733 1029 777 1082 est
792 1024 895 1084 malis?

140 1108 260 1186 siquod
276 1106 414 1184 pelasgae
430 1108 453 1169 si
471 1107 548 1183 quod
567 1106 651 1167 urbis
666 1106 812 1168 barbarae

103 1231 105 1234 >
141 1210 252 1251 nouere
268 1193 382 1251 lacinus
398 1192 476 1270 qued
494 1200 563 1252 tuae
579 1193 717 1269 ignorant
733 1209 853 1261 manns,

139 1295 219 1337 nnnc
236 1284 279 1337 est
294 1277 468 1353 parandum.
500 1276 691 1337 scelerate
709 1276 867 1337 hortentur
883 1285 932 1338 tua

141 1372 169 1422 et
185 1369 290 1422 cuncta
307 1361 445 1421 redeant:
1048 1359 1077 1410 13⁰

125 1446 132 1465 '
497 1445 632 1506 Inclitum
647 1446 732 1522 regni
749 1444 840 1506 decus

141 1538 257 1607 raptum
276 1539 304 1590 et
321 1529 465 1590 nefandae
480 1531 604 1606 uirginis
619 1547 731 1607 paruus
747 1547 847 1590 comes
880 1602 884 1611 .

142 1615 254 1675 diuisus
270 1633 340 1674 ense
357 1616 446 1675 funus
461 1617 611 1691 ingestum
628 1615 705 1692 patri

134 1717 336 1779 sparsumque
352 1708 444 1777 ponto
461 1717 571 1778 corpus
587 1705 617 1759 et
631 1698 729 1758 Peliae
746 1700 825 1760 senis

142 1784 263 1844 decocta
281 1803 354 1844 aeno
370 1785 515 1844 membra.
545 1784 694 1844 lunestum
710 1784 790 1862 inpie

142 1887 230 1945 qnam
246 1887 334 1948 saepe
350 1869 412 1928 ludi
428 1870 611 1946 sangninem.
643 1873 672 1927 et
687 1866 799 1928 nullum
817 1868 943 1930 scelus
1052 1865 1083 1917 135

141 1955 215 2014 irata
233 1954 303 2022 leci,
321 1955 416 2014 saeuit
429 1953 530 2013 infelix
546 1970 638 2011 amor.

107 2063 125 2095 a
187 2038 280 2109 Quid
297 2046 419 2098 tamen
435 2038 540 2098 lason
559 2037 679 2114 potuit
694 2035 782 2097 alieni
797 2038 903 2099 arbitri

141 2124 272 2199 iurisque
288 2122 398 2182 lactus?
418 2158 451 2167 —
471 2122 573 2182 debuit
588 2122 668 2181 terro
684 2120 805 2182 obuium

142 2208 249 2267 offerre
264 2216 378 2283 pectue
399 2243 434 2251 —
452 2206 557 2267 melius
572 2207 610 2265 ah
626 2204 731 2266 melius
747 2205 831 2266 dolor

142 2291 252 2351 lurinse
268 2292 398 2371 loquere.
430 2293 454 2350 si
472 2298 568 2368 potest
584 2292 665 2351 uiuat
680 2309 764 2352 meus

141 2385 174 2436 ut
190 2376 244 2454 init
258 2376 359 2444 lason,
377 2377 399 2434 si
417 2378 528 2443 minue,
546 2377 628 2434 uiuat
642 2382 740 2435 tamen

142 2479 315 2538 memorque
332 2463 423 2520 nostri
439 2462 554 2520 muneri
569 2467 672 2540 parcat
688 2478 752 2520 meo

107 2639 137 2688 al
186 2628 276 2706 Culpa
294 2637 338 2688 est
353 2631 485 2690 Creontis
500 2639 559 2689 tcta
577 2631 625 2707 qni
641 2637 758 2707 sceptro
773 2631 912 2707 inpotens

143 2715 277 2790 coniugia
295 2713 382 2772 sclnit
398 2717 507 2793 quique
524 2715 703 2791 genetricem
720 2712 863 2774 abstrahit

143 2799 239 2876 gnatis
255 2806 284 2858 et
300 2807 363 2858 arto
381 2802 506 2876 pignore
523 2800 692 2859 adstrictam
708 2797 795 2857 fidem
1058 2790 1089 2844 14⁵

212 3088 258 3134 na
277 3086 348 3135 haee
368 3087 392 3134 A
412 3086 464 3135 noa
481 3087 506 3136 a
519 3083 529 3150 ll
543 3088 590 3134 aaa
611 3084 740 3134 eredita
762 3085 856 3135 credet
874 3083 924 3154 nn
937 3074 984 3137 ira
1002 3095 1047 3134 non

141 3168 211 3202 sana
230 3155 254 3201 Α
273 3169 379 3203 nerana
397 3153 422 3201 E
438 3150 449 3219 ll
469 3155 515 3202 126
534 3154 604 3202 haec
624 3168 642 3202 c
665 3153 716 3202 hoc
735 3161 774 3217 ψε
790 3149 801 3219 ll
820 3155 868 3204 129
886 3153 1048 3220 patrandum

140 3223 172 3270 εἰ.
193 3220 242 3270 Bo.
267 3218 277 3286 ΙΙ
303 3225 351 3270 132
370 3224 505 3271 incestum
524 3222 549 3271 Α
574 3221 745 3285 infestamur
768 3222 908 3286 ingestum
926 3223 953 3273 E
975 3219 988 3290 ΙΙ
1008 3218 1047 3270 lat

141 3288 198 3338 uidi
216 3289 242 3337 E
268 3289 326 3338 l'udi
345 3292 369 3338 Α
393 3284 404 3352 ΙΙ
429 3295 458 3337 et
477 3306 495 3338 α
518 3286 529 3354 Η
554 3291 602 3337 136
622 3295 683 3352 post
700 3289 757 3338 feci
775 3291 823 3339 duo
841 3289 1048 3342 terrasticum·

140 3373 197 3406 esce
215 3364 289 3420 putat
307 3358 381 3408 DHa.
401 3354 412 3421 ΙΙ
430 3359 478 3407 139
498 3357 597 3406 afferre
615 3355 640 3404 E
658 3355 757 3406 offerre
776 3357 801 3406 Α
822 3352 834 3423 Η
856 3373 892 3407 ac
910 3358 936 3408 E
955 3359 991 3409 ab
1006 3350 1050 3419 Al

143 3428 190 3473 142
207 3427 360 3557 bnpnonstri.
380 3425 486 3473 muneri
504 3439 620 3488 parcam
639 3439 699 3473 meo
718 3426 748 3473 ci.
770 3425 848 3474 Gran.
873 3429 991 3478 luerim
1005 3430 1049 3477 til·

140 3494 189 3540 tuit
232 3529 236 3539 .
266 3535 270 3544 .
