2326 3922
168 222 231 285 222
450 237 481 284 u.
500 235 631 283 nunaut
648 233 804 282 sennenn

169 395 248 436 nuno
263 374 354 435 redde
371 376 499 452 Agauen.
532 374 628 434 anime
644 373 713 452 quid
731 381 857 433 mortem
875 373 980 434 times?

169 479 249 521 mors
265 463 453 521 innocentem
470 459 530 519 sola
547 461 683 520 fortunae
699 458 808 536 eripit'

136 571 151 603 c
212 546 291 606 Haeo
307 546 384 604 latus
400 552 479 623 aptat
493 546 605 621 inpiam
622 542 726 620 capulo
745 560 881 613 manum,

169 648 329 708 ensemque
346 629 435 689 ducit.
467 628 580 688 ‘itane'l
603 635 661 687 tam
677 628 792 704 magnis
808 627 917 688 breues

168 733 279 794 poenas
295 713 458 774 sceleribus
474 712 596 773 solnis
612 720 699 791 atque
715 730 775 773 uno
790 713 890 773 omnia

168 798 306 878 pensabis
321 799 399 858 ictu?
423 799 563 857 moreris:
587 797 645 857 boo
659 799 736 874 patri
752 806 797 858 sat
812 807 868 859 est.

168 885 238 964 quid
255 883 360 943 deinde
376 883 476 951 matri,
495 881 563 959 quid
581 882 657 943 male
672 883 703 942 in
718 881 815 944 lucem
832 883 917 943 editis

168 971 278 1046 gnatis,
296 967 367 1046 quid
382 969 438 1044 ipsi
454 984 529 1044 quae
545 974 627 1027 tuum
643 984 748 1044 magna
764 967 819 1027 luit

167 1052 265 1113 scelus
281 1053 366 1110 ruina
383 1050 474 1110 debiti
490 1053 603 1127 patriae
619 1051 720 1111 dabis?

135 1141 157 1196 α’
211 1136 401 1196 Solueudo
417 1153 476 1195 non
493 1154 531 1196 es.
563 1135 613 1196 illa
628 1154 703 1214 quae
719 1135 802 1212 leges
816 1143 895 1196 ratas

168 1228 271 1280 natura
287 1222 316 1278 in
332 1238 392 1280 uno
409 1221 498 1279 uertit
514 1220 664 1297 Oedipoda
681 1237 776 1280 nouos

168 1313 322 1366 conmenta
339 1313 455 1382 partus,
473 1304 614 1384 supplicis
630 1304 732 1365 eadem
750 1304 823 1367 meis

167 1397 303 1450 nodetur.
335 1391 443 1450 iterum
459 1390 563 1450 uiuere
578 1397 666 1469 atque
682 1391 788 1449 iterum
804 1390 881 1448 mori

167 1474 254 1534 liceat
271 1477 385 1534 renasci
403 1492 537 1551 semper,
555 1483 586 1534 nt
601 1476 710 1534 totiens
725 1490 802 1534 noua

167 1558 311 1636 supplicia
327 1559 448 1637 pendas.
479 1566 563 1619 utere
578 1559 697 1635 ingenio
714 1560 812 1619 miser.

167 1644 245 1722 quod
262 1661 350 1722 saepe
366 1643 430 1702 lieri
446 1661 504 1703 non
521 1650 618 1722 potest
633 1644 683 1703 liat
698 1644 757 1704 diu.

134 1739 150 1788 d
211 1727 290 1786 blors
306 1726 430 1805 eligatur
444 1727 541 1806 longa.
572 1737 729 1808 quaeratur
747 1731 795 1788 uia

167 1831 223 1891 qua
240 1831 295 1873 neo
311 1811 432 1890 sepultis
448 1814 555 1872 mixtus
571 1819 600 1872 et
614 1814 690 1873 uiuis
707 1821 804 1873 tamen

168 1906 321 1974 exemptus
338 1915 430 1957 erres.
462 1915 581 1957 morere
596 1897 646 1957 sed
664 1899 736 1958 citra
753 1906 877 1975 patrem.

167 1983 314 2041 cunctaris
330 1982 445 2041 anime?
469 1981 582 2042 subitus
598 2000 633 2042 en
651 1981 750 2043 uultus
766 1989 869 2059 grauat

166 2067 305 2144 profusus
321 2065 436 2125 imber
453 2085 486 2126 ao
502 2069 602 2144 rigat
617 2067 686 2126 iletu
703 2085 802 2145 genas.

167 2159 197 2211 et
212 2151 284 2211 llere
300 2152 369 2210 satis
386 2151 446 2210 est?
469 2150 612 2210 haetenus
628 2151 752 2211 fundent
767 2151 864 2211 leuem

167 2235 245 2295 oculi
261 2234 421 2313 liquorem:
445 2235 564 2296 sedibus
581 2235 656 2313 pulsi
672 2238 731 2296 suis

166 2319 301 2381 laorimas
317 2326 488 2396 sequautur.
519 2320 548 2379 hi
564 2320 713 2381 maritales
729 2321 825 2380 statim

167 2405 318 2462 fodiantur
334 2404 434 2464 oouli.’
467 2405 539 2464 dixit
555 2413 642 2483 atque
657 2407 700 2465 ira
719 2405 798 2464 inuit.

131 2500 148 2547 b
211 2489 323 2548 Ardent
338 2490 469 2548 minares
485 2491 551 2566 igne
569 2489 733 2550 truculento
750 2507 843 2566 genae

167 2571 317 2651 [nardique
332 2577 388 2634 utor
402 2592 434 2635 re
448 2577 567 2635 sedibus
582 2580 712 2635 retinent
726 2573 814 2654 suis]

166 2656 312 2716 uiolentus
329 2658 422 2716 audax
440 2658 539 2719 utdtus
555 2661 647 2718 iratus
665 2659 747 2718 lerox

166 2748 278 2801 tantum
296 2735 434 2802 eruentis.
467 2745 578 2819 gemuit
593 2750 622 2802 et
637 2742 734 2803 dirum
751 2743 881 2804 fremens

127 2835 128 2838 ’
166 2844 270 2886 manus
287 2829 315 2886 in
332 2846 384 2886 ora
401 2829 493 2887 torsit.
526 2836 554 2887 at
569 2836 672 2889 contra
689 2835 786 2888 truces

166 2911 242 2971 oculi
259 2919 405 2972 steterunt
422 2919 452 2971 et
466 2930 547 2972 suam
566 2913 669 2972 intenti
685 2930 805 2973 manum

166 2995 242 3054 ultro
259 2998 431 3056 insecuntur
448 2997 563 3057 uulneri
580 3005 742 3057 occurrunt
757 3015 820 3056 suo.

233 3184 281 3231 aas
302 3184 402 3246 eripiet
420 3183 444 3230 n
456 3179 467 3247 p
485 3184 533 3232 aar
554 3184 614 3246 ipsa
633 3179 681 3247 nu
697 3184 747 3232 oon
765 3181 866 3232 flebitis
883 3189 907 3244 ψ
924 3177 936 3247 p
952 3183 1005 3233 aaa
1024 3181 1081 3231 sot-

165 3250 255 3300 uenda
270 3265 324 3298 non
338 3255 379 3300 est
392 3250 441 3298 illo
454 3268 475 3299 ω
494 3249 634 3299 Soluendo
648 3266 701 3298 non
715 3265 757 3301 es.
777 3249 830 3298 Illa
845 3249 916 3299 Grot.
941 3249 1082 3300 Soluenda

164 3333 218 3366 non
233 3324 275 3367 est
287 3319 372 3368 uita.
385 3318 437 3371 „ult
449 3314 460 3383 {l
472 3320 522 3368 964
535 3317 679 3380 Oedipoda
693 3317 718 3366 E
735 3319 843 3379 Vos-sur
863 3315 1009 3382 Oedipoda
1023 3320 1046 3367 A
1068 3317 1081 3379 ΙΙ

164 3389 213 3436 971
233 3387 291 3447 Qire
311 3385 335 3433 E
352 3382 364 3450 ΙΙ
387 3387 436 3436 972
455 3390 561 3449 portem
580 3385 604 3433 E
621 3381 633 3450 ll
650 3387 699 3435 973
719 3401 752 3435 au
770 3385 795 3434 Ε
814 3400 849 3434 an
869 3384 892 3434 A
912 3381 924 3450 ll
947 3387 1001 3435 974
1019 3386 1081 3434 Pro·

164 3454 241 3503 fusus
255 3454 279 3501 E
285 3461 307 3515 ψ
326 3453 459 3502 Perfusus
473 3453 496 3501 A
509 3450 582 3516 19980
602 3455 685 3502 deterri
695 3449 706 3519 ll
719 3455 767 3503 981
782 3452 875 3502 attritus
888 3452 937 3515 Εψ
955 3458 1049 3503 mutus
1062 3469 1081 3503 α

164 3520 269 3570 multus
289 3518 384 3586 beluli
401 3522 450 3570 982
470 3521 591 3569 eruentis
610 3521 659 3584 Εψ
678 3527 805 3571 cruentus
823 3522 848 3569 Α
872 3517 883 3585 ΙΙ
