2326 3922
456 186 655 234 PRAEFATIO
994 190 1032 235 XI

80 348 248 420 interposita
263 346 447 419 descriptione
462 363 545 402 cenae
560 347 682 402 lacunam
699 347 877 403 dissimulare.
898 347 936 403 Cl.
953 365 1032 421 prae-

82 442 158 488 terea
173 430 267 488 Ρ406
286 430 367 487 1268
384 439 433 486 etc.
456 461 491 471 -
514 430 654 487 Sententia
669 430 776 504 aliquot
791 448 920 488 uersuum
936 435 1031 505 paucis

82 516 176 572 uerbis
192 516 392 589 conprehensa:
408 514 496 572 Ρ626
510 516 542 570 ad
555 532 599 571 uu.
612 514 780 572 625-’630
796 517 906 573 Teate
923 519 1030 572 115555

80 617 232 674 numquam
246 608 277 656 ut
291 601 425 680 orationis
437 616 555 655 conexus
569 602 687 673 pessime
699 600 853 664 diuellatur‚
871 602 948 657 uelut
961 600 1030 658 n34

81 704 144 760 sqq.
160 685 208 741 ubi
223 683 360 740 inculcato
377 701 459 740 uersu
469 684 508 741 35
525 680 621 739 ‘labet'
637 686 665 738 iu
676 685 800 757 proximo
818 703 901 741 uersu
918 687 1029 741 omnino

80 788 138 827 nou
151 768 233 825 babet
246 768 317 825 unde
330 769 453 842 pendeat,
470 785 531 823 nam
543 786 613 842 quae
625 786 678 824 uox
694 770 830 826 antecedit
846 767 981 825 ‘fortuna’
998 769 1031 824 ad

79 871 141 912 eam
156 870 330 927 nequaquam
347 861 439 926 potest
455 854 559 908 relerri.
585 853 777 926 Respondetur
793 855 875 909 etiam
891 854 923 910 ad
938 854 1031 909 rheto-

80 943 153 996 ricas
166 939 415 1010 interrogationes:
433 938 453 992 Τ
466 937 526 992 222
540 957 562 994 s.
578 937 668 994 11462
685 938 740 993 Plr.
751 938 810 995 159
824 957 846 993 s.
874 939 959 994 Porro
976 938 1031 993 sol·

80 1025 180 1080 lemnis
197 1022 328 1096 quaedam
344 1023 578 1096 interpretamenti
589 1021 676 1094 ligura
688 1024 756 1079 haec
771 1031 826 1078 est:
843 1022 936 1080 11910
950 1040 1031 1078 soror

81 1108 194 1182 sagittis
209 1109 299 1180 aptior
318 1107 496 1163 -Phoebus
516 1106 707 1179 1555551515
729 1107 832 1163 Phoebi
854 1117 968 1180 nepotes
991 1137 1029 1146 —-

81 1192 194 1266 Sisyphi
208 1191 355 1266 nepotibus
370 1189 458 1262 (cuius
475 1200 571 1248 auctor
582 1200 676 1247 contra
690 1184 806 1248 metrum
818 1190 952 1264 peccauit)
969 1191 1029 1249 699

82 1279 171 1333 maior
184 1276 306 1349 Pelasgis
325 1306 359 1315 —
378 1286 441 1349 apta
458 1276 577 1332 Sidoniis
592 1279 682 1332 minor
698 1277 740 1332 'ln
753 1276 813 1332 355
828 1275 888 1333 652
905 1277 925 1331 Τ
938 1275 1030 1330 2225.

150 1361 267 1434 benique
282 1363 310 1415 in
326 1360 408 1416 rebus
424 1361 617 1435 geographicis
633 1360 827 1433 rnytlrologicis
844 1369 871 1416 et
887 1368 1032 1432 quaesunt

82 1454 201 1518 cognata
227 1454 302 1501 tanta
321 1462 497 1518 possessores
518 1444 695 1518 pugillarium
722 1445 764 1500 usi
786 1453 850 1499 sunt
870 1444 980 1501 licentia
1002 1452 1032 1500 ut

82 1530 117 1586 ab
139 1530 242 1603 eisqui
263 1530 391 1586 docerent
412 1531 615 1604 grammaticam
637 1530 752 1603 exempli
767 1547 863 1585 caussa
880 1530 946 1585 tales
967 1546 1030 1585 uer·

81 1632 132 1671 sus
148 1613 256 1671 conlicti
272 1615 416 1670 uideantur
431 1631 499 1671 esse.
530 1615 586 1670 Olr.
602 1614 661 1670 128
675 1632 734 1688 sqq.
752 1613 886 1687 (quisquis
902 1614 1030 1670 Eurotam

79 1699 154 1755 bibis
170 1699 205 1756 cl.
221 1698 245 1753 lll
262 1699 321 1755 376
338 1718 360 1754 s.
382 1699 480 1756 0433
504 1700 579 1755 Tell
601 1698 929 1756 seneschallus.
948 1698 1029 1756 1863

80 1801 108 1857 p.
131 1782 184 1855 45)
214 1783 239 1838 ll
261 1782 321 1840 713
344 1781 446 1854 (Medus
468 1793 496 1840 et
516 1782 619 1855 Parthi)
655 1783 677 1838 H
698 1782 759 1840 339
781 1801 802 1839 s.
825 1782 981 1853 (Cithaeron
1003 1791 1031 1839 et

79 1867 213 1937 isthmus)
230 1868 277 1924 llrr
292 1866 457 1925 1044-46
475 1869 568 1938 (Getae
584 1868 690 1924 llebrus
704 1866 841 1938 Bistones)
856 1868 911 1924 Plr.
925 1868 1028 1926 206-

81 1951 146 2010 208
168 1950 291 2023 (Τ55555
312 1952 436 2008 conditae
457 1953 491 2009 cl.
515 1952 537 2007 H
558 1952 619 2009 262
642 1972 664 2008 5.
687 1952 733 2009 811.
755 1953 788 2008 Xl
809 1952 951 2024 att-9)
983 1953 1030 2008 ΗΠ

81 2036 166 2094 1581
189 2035 262 2107 (5551
278 2036 411 2109 tempora)
437 2038 456 2092 P
473 2036 620 2094 292-94
645 2036 808 2094 Η381-2
837 2038 856 2092 Τ
873 2035 1030 2094 353-55.

79 2121 201 2177 Prorsus
227 2121 319 2193 inepta
344 2130 409 2176 sunt
431 2139 480 2177 nec
507 2138 568 2176 cum
589 2138 619 2178 re
641 2122 674 2178 ab
701 2131 812 2178 auctore
837 2129 951 2177 tractata
973 2121 1029 2177 ullo

80 2205 166 2263 modo
188 2206 334 2260 cohaerent
350 2223 419 2277 quae
434 2207 466 2261 de
482 2205 580 2263 Cadmo
602 2215 629 2262 et
644 2208 740 2262 Laerte
760 2207 897 2279 adscripta
911 2207 1030 2277 legimus

82 2289 246 2347 asne—8
277 2288 438 2347 neec-7

149 2374 326 2430 liecensicnis
342 2375 370 2429 Ε
389 2384 527 2431 auctorem
544 2376 630 2431 multo
647 2383 710 2430 auto
724 2375 749 2429 Α
764 2373 905 2428 librarium
923 2381 1030 2444 tragoe-

84 2458 143 2514 dias
164 2459 343 2530 descripsisse
365 2469 392 2515 et
413 2459 453 2515 eis
468 2459 601 2532 probatur
623 2476 692 2532 quae
713 2457 784 2514 inira
799 2459 831 2514 de
848 2458 1031 2531 discrepantia

81 2561 154 2616 quae
173 2544 246 2598 inter
262 2552 404 2617 utramque
425 2543 613 2600 recensionem
635 2543 778 2599 intercedit
795 2544 934 2604 dicentur,
956 2553 983 2599 et
999 2560 1031 2599 ea

80 2645 113 2683 re
129 2626 203 2699 quod
224 2627 259 2684 55
274 2627 389 2683 Etrusco
409 2629 502 2685 codice
524 2629 602 2685 abest
618 2627 759 2684 Octauia
781 2628 907 2684 omnibus
929 2630 976 2701 qui
998 2628 1031 2684 ad

78 2712 195 2767 alteram
217 2710 264 2783 (A)
287 2714 475 2768 recensionem
495 2715 635 2786 pertinent
656 2713 734 2768 libris
756 2713 900 2786 adscripta.
946 2710 1030 2778 Quam

79 2795 202 2852 iabulam
223 2813 257 2851 ne
279 2796 349 2852 libro
370 2798 541 2853 laurentiano
563 2799 627 2854 olim
649 2798 782 2853 adtextam
804 2807 901 2872 postea
922 2797 1031 2853 demum

79 2881 224 2952 abreptam
247 2881 406 2955 opinemur.
431 2882 521 2938 obstat
543 2883 644 2939 codicis
660 2882 817 2955 inscriptio,
844 2881 890 2937 ubi
914 2881 1031 2937 dubitari

80 2982 139 3021 nou
155 2973 248 3037 potest
271 2966 337 3038 quin
359 2966 486 3022 librarius
503 2967 630 3023 Octauiae
652 2970 816 3023 mentionem
838 2967 922 3022 luerit
943 2967 1030 3022 lactu-

80 3067 145 3112 rus,
163 3048 185 3104 si
202 3049 229 3103 in
245 3048 345 3104 librum
361 3067 439 3106 suum
456 3054 615 3125 recepisset.
645 3051 737 3126 Neque
753 3053 840 3125 inagis
856 3051 951 3106 adduci
967 3068 1031 3124 pos·

79 3151 178 3190 sumus
195 3142 226 3189 ut
241 3133 381 3190 Octauiam
398 3136 538 3192 credamus
553 3138 580 3191 iu
596 3154 628 3192 eo
642 3138 735 3192 codice
750 3138 835 3192 luisse
851 3136 921 3191 uude
931 3135 1032 3191 iloren·

80 3221 157 3274 tinus
170 3218 327 3292 descriptus
343 3229 385 3274 est
400 3218 462 3290 (hoc
472 3228 565 3276 censet
574 3221 638 3278 Luc.
650 3220 746 3277 lhiller
755 3223 781 3276 in
791 3220 959 3277 Fleckeiseni
969 3235 1030 3274 ann.

80 3301 368 3376 parthenopaeo).
391 3304 475 3372 Quam
489 3305 606 3361 labulam
623 3306 687 3361 clim
703 3305 730 3360 in
742 3306 855 3360 meliore
872 3306 1031 3359 recensione

79 3388 280 3460 paenultimum
297 3387 386 3444 locum
403 3406 550 3463 occupasse
566 3388 638 3462 (uam
654 3391 681 3445 in
697 3391 726 3444 E
740 3406 850 3464 quoque
866 3387 995 3444 llercules
1006 3404 1031 3444 11

78 3472 180 3529 ultimo
192 3473 255 3529 loco
268 3472 380 3546 legitur)
397 3483 547 3547 posteaque
559 3475 690 3531 excidisse
703 3475 807 3530 nullum
821 3490 934 3546 prorsus
947 3472 1031 3528 nesti·
