2326 3922
384 180 765 232 cunrmnnncnaurvu
969 167 1031 234 115

110 322 236 402 probate
252 323 344 392 factis,
361 322 485 400 gloriam
502 341 536 384 ac
551 321 653 382 laudes
668 339 749 383 meas
1048 331 1098 384 335

109 415 249 485 superate
261 415 290 469 et
304 407 446 485 aliquid
462 407 590 474 facite,
607 413 762 486 propter
777 406 871 486 quod
887 415 1028 485 patrem

110 493 207 554 adbuc
223 493 305 553 iuuet
320 492 437 554 uixisse.
466 491 578 552 facietis
593 493 669 551 scio:

109 579 152 637 sic
168 577 237 638 estis
253 579 319 638 orti.
345 576 457 637 scelere
474 576 595 653 defungi
610 576 683 636 haut
698 575 758 636 leui

109 661 181 723 baut
195 663 303 722 usitato
318 668 398 723 tanta
414 659 550 721 nobilitas
566 668 672 738 potest.

77 756 96 806 b
123 767 126 774 ·
152 746 241 806 Ferte
257 764 348 807 arma.
373 744 487 806 facibus
502 746 593 824 petite
608 743 776 822 penetrales
791 745 862 805 deos
1044 754 1094 806 340

109 830 285 909 frugemque
300 830 418 890 flamma
434 831 534 890 metite
550 828 657 890 natalis
672 827 736 890 soli.

107 917 230 975 miscete
245 922 360 984 cuncta,
378 916 473 994 rapite
488 914 518 973 in
534 914 654 974 exitium
671 913 778 972 omnia.

108 999 236 1060 dissicite
251 1001 361 1078 passim
376 1001 507 1067 moenia,
524 1000 554 1057 in
570 997 691 1076 planum
708 998 784 1058 date.

107 1082 226 1161 templis
241 1083 312 1144 deos
328 1083 452 1153 obruite,
468 1079 630 1142 maculatos
645 1079 722 1142 lares

109 1167 245 1228 conflate.
274 1167 310 1228 ab
326 1169 385 1228 imo
401 1174 460 1228 tota
477 1162 612 1227 c‘onsidat
627 1166 742 1226 domus.
871 1234 873 1238 ,

65 1251 94 1310 b'
149 1250 226 1314 Vrbs
242 1258 458 1313 concremetur.
484 1253 600 1330 primus
615 1268 632 1310 a
648 1250 784 1310 thalamis
799 1251 871 1311 meis

105 1336 228 1414 incipiat
242 1338 326 1414 ignis.

105 1421 199 1482 Nunt.
358 1423 440 1481 mitte
455 1418 617 1481 uiolentam
633 1421 778 1498 impetum

105 1503 218 1564 doloris
233 1524 267 1566 ac
282 1513 310 1566 te
326 1504 444 1585 publica
460 1510 585 1566 exorent
599 1503 676 1564 mala

104 1596 267 1670 auctorque
282 1589 414 1667 placidae
428 1587 531 1650 liberis
546 1591 627 1666 pacis
642 1590 721 1650 ueni.

105 1685 223 1734 0ED1P.
247 1674 318 1751 quid
332 1692 379 1736 me
394 1674 543 1735 modestae
559 1672 796 1734 deditum'mcnti
811 1691 912 1735 senem
1040 1683 1091 1734 350

103 1756 296 1837 placidaeque
312 1764 459 1820 amantem
475 1760 557 1835 pacis
572 1757 609 1818 ad
624 1765 723 1835 partes
738 1755 846 1818 uocas?

71 1850 90 1900 b
148 1841 254 1903 Tumet
268 1844 384 1904 animus
398 1846 452 1912 ira,
468 1842 566 1903 feruet
579 1843 731 1902 inmensus
747 1841 840 1903 dolor.

102 1927 258 2004 maiusque
274 1946 360 2006 quam
377 1927 456 2006 quod
473 1946 558 1988 casus
573 1935 602 1987 et
616 1928 756 1986 iuuenum
773 1924 856 1987 furor

103 2020 228 2072 conatur
245 2010 354 2090 aliquid
370 2012 467 2089 cupio.
495 2030 555 2072 non
571 2012 641 2072 satis
656 2018 701 2072 est
716 2010 813 2071 adhuc

102 2094 190 2157 ciuile
205 2094 333 2157 bellum:
349 2097 441 2157 frater
455 2096 486 2155 in
502 2096 624 2155 fratrem
640 2104 716 2156 ruat.

101 2197 158 2239 nec
173 2180 231 2240 hoo
246 2182 335 2240 satis:
350 2180 430 2261 quod
445 2178 542 2249 debet,
560 2186 591 2240 ut
605 2180 655 2239 fiat
670 2182 752 2242 nefas

102 2263 141 2324 de
155 2282 238 2326 more
253 2270 355 2326 nostro
371 2264 450 2344 quod
468 2282 550 2325 meos
566 2264 669 2325 deceat
683 2271 780 2326 loros:

60 2343 88 2403 b'
145 2347 217 2409 Date
233 2366 315 2410 arma
329 2351 416 2427 patri.
433 2381 474 2392 -
488 2366 577 2408 nemo
592 2366 640 2408 me
656 2368 691 2409 ex
707 2349 753 2409 his
769 2356 852 2409 eruat

100 2431 200 2493 siluis:
216 2431 315 2494 latebo
331 2435 414 2511 rupis
429 2450 534 2494 exesae
549 2451 623 2493 cauo

99 2525 151 2577 aut
165 2534 236 2596 sepe
252 2517 342 2577 densa
358 2536 466 2597 corpus
481 2516 648 2577 abstrusum
666 2525 772 2596 tegam.

99 2599 170 2662 bino
186 2601 357 2682 aucupabor
372 2601 464 2664 uerba
480 2603 609 2662 rumoris
624 2604 693 2679 uagi

99 2691 130 2744 et
145 2702 234 2746 saeua
250 2686 374 2747 fratrum
391 2685 467 2747 bella
485 2687 562 2764 quod
580 2703 699 2764 possum
716 2684 841 2746 audiam.

165 2989 217 3039 340
235 2989 386 3052 penetriles
404 2991 429 3039 E
457 2986 469 3056 ΙΙ
497 2990 545 3041 341
569 2989 735 3054 frigiamque
753 2990 892 3039 flammam
910 2995 937 3041 ei
956 2995 1016 3042 ete-

95 3056 154 3105 riae
165 3054 219 3105 coli
232 3056 286 3106 soli
298 3057 323 3106 E
345 3057 507 3123 frugemque
525 3058 635 3107 flamma
654 3058 749 3106 metite
768 3057 872 3108 natulis
890 3060 943 3109 soli
954 3061 980 3110 Α

93 3124 145 3174 342
163 3123 280 3174 miscete
297 3139 367 3176 corr.
386 3141 422 3176 ete
438 3126 555 3175 miscere
573 3123 608 3174 E¹
629 3121 641 3190 ΙΙ
662 3125 774 3175 exilium
790 3125 815 3174 Α
835 3128 948 3176 exitium
966 3141 980 3177 ε

93 3191 145 3242 347
162 3190 247 3241 Anu.
265 3192 344 3242 mitte
363 3205 402 3243 εα
419 3192 501 3244 ΔΝΤ.
514 3196 579 3242 onte
594 3191 686 3256 (ANT.
701 3196 734 3243 al.
747 3200 770 3256 ψ
782 3193 879 3260 οηι.)ψ
896 3193 1011 3258 Nuncip.

94 3258 203 3308 arceR
237 3258 261 3310 N
269 3259 323 3311 VN
330 3261 361 3310 T.
386 3261 466 3310 mitte
487 3261 583 3324 scripsi
609 3256 622 3326 ΙΙ
655 3261 705 3311 350
726 3260 806 3310 uides
829 3260 971 3312 modestae
990 3277 1012 3309 ω

91 3341 164 3376 corr.
182 3326 261 3377 NHe.
292 3323 305 3394 ll
332 3329 381 3379 352
399 3329 561 3378 immensum
580 3328 604 3376 Α
627 3328 777 3378 immensus
794 3329 844 3378 ER
865 3324 877 3393 Η
899 3328 949 3378 356
968 3332 1013 3376 set

92 3394 176 3445 estA
194 3394 266 3445 satia
286 3395 389 3446 estER
406 3396 475 3446 satis
492 3398 588 3460 scripsi
605 3393 664 3458 (am
683 3393 796 3460 satiati)
819 3392 831 3460 ΙΙ
859 3395 907 3445 361
928 3409 1011 3444 anou-

90 3460 182 3527 pabor
198 3477 270 3516 corr.
289 3478 325 3514 eoa
341 3478 501 3530 oucnpauor
517 3463 553 3513 El

763 3546 808 3610 8*
