2326 3922
149 208 191 280 86
428 229 783 278 n.xuuau1suuucxn
838 279 844 293 ,

152 370 268 430 ceruice
284 387 370 430 caesa
386 377 509 439 truncus
524 371 553 429 in
570 370 696 448 pronum
712 372 780 441 ruit,

152 453 312 532 querulum
328 456 460 515 cucurrit
477 473 630 516 murmure
645 457 759 516 incerto
775 463 873 535 caput.

99 576 102 582 -
149 551 253 600 cnon.
278 539 348 617 quid
364 539 471 600 deinde
487 541 604 617 gemina
618 540 708 600 caede
724 541 899 618 perfunctus
915 541 1004 604 iacit?
1068 595 1071 601 .
1087 561 1133 610 730

149 640 282 699 puerone
297 626 411 701 parcit?
428 642 465 683 an
480 623 577 684 scelus
592 623 699 685 sceleri
714 626 840 702 ingerit?

120 726 133 776 f
192 721 296 767 nunu.
328 707 407 768 Silua
422 709 540 769 iubatus
555 708 677 788 qualis
692 711 825 769 armenia
839 708 888 770 leo

149 793 178 851 in
196 793 286 853 caede
302 793 393 853 muita
408 794 505 853 uictor
521 802 657 854 armento
670 793 791 854 incubat

150 878 268 955 (cruore
284 879 376 938 rictus
391 877 525 938 madidus
541 887 571 936 et
585 877 668 956 pulsa
686 879 771 938 farne
867 931 869 934 .

149 979 209 1021 non
225 963 310 1040 ponit
324 964 398 1022 iras:
414 961 483 1021 hinc
500 969 529 1021 et
544 961 613 1021 hinc
627 971 730 1023 tauros
745 981 886 1041 premens

129 1044 249 1106 initulis
264 1047 402 1114 minat-ur,
425 1046 512 1106 dente
528 1047 585 1106 iarn
601 1045 678 1107 lasso
694 1049 788 1127 piger)
799 1069 810 1106 :⁴

110 1132 123 1180 f
128 1121 134 1140 '
152 1183 154 1186 .
190 1130 267 1190 Non
284 1130 400 1192 aliter.
410 1133 516 1192 Atreus
532 1133 625 1191 saeuit
641 1137 727 1210 atque
743 1134 787 1192 ira
803 1138 897 1192 tumet

55 1285 57 1288 ¹
149 1215 321 1291 ferrumque
337 1217 454 1294 gemina
470 1215 560 1275 caede
572 1217 725 1293 perfusum
741 1223 854 1287 tenens
930 1269 938 1275 ,,

149 1299 257 1359 oblitus
272 1301 300 1358 in
318 1319 405 1378 quern
421 1300 549 1369 fureret,
565 1300 670 1360 infesta
688 1318 777 1361 manu
802 1308 804 1312 “

149 1385 246 1462 exegit
260 1384 337 1445 ultra
353 1402 471 1464 corpus,
498 1392 528 1444 at
541 1387 626 1463 pueri
642 1386 739 1444 statim

94 1484 96 1486 ’
151 1476 272 1546 pectore
287 1478 426 1547 receptus
443 1471 520 1529 ensis
535 1471 566 1528 in
584 1475 667 1546 tergo
685 1471 804 1530 exstitit.
828 1517 830 1522 .
907 1508 909 1513 ,

110 1545 136 1619 ε’
192 1552 274 1613 Cadit
288 1552 337 1613 ilie
353 1560 382 1612 et
396 1572 463 1613 aras
478 1555 621 1631 sanguine
637 1555 812 1630 extinguens
827 1571 881 1615 suo

150 1656 202 1714 per
217 1645 376 1716 utrumque
393 1637 500 1698 uulnus
515 1640 653 1698 moritur.

149 1734 252 1782 cnon.
455 1749 456 1753 ¹
685 1742 702 1782 o
718 1739 841 1783 saeuum
857 1721 964 1783 steine.

149 1820 254 1866 uvur.
279 1808 491 1867 exhorruistis?
513 1807 656 1866 hactenus
672 1808 696 1866 si
712 1814 768 1867 stat
782 1807 876 1875 naias,

148 1893 216 1970 pius
232 1900 284 1952 est.
429 1937 431 1942 .
550 1913 552 1918 ·

105 1994 130 2027 =e
192 1988 295 2036 cnon.
340 1977 384 2036 An
400 1975 476 2037 ultra
491 1979 585 2037 maius
601 1983 652 2036 aut
666 1977 796 2036 atrocius

149 2067 253 2120 natura
269 2061 392 2138 recipit?
969 2118 973 2122 a

149 2158 251 2205 uvur.
432 2143 592 2205 sceleris
607 2144 687 2206 hunc
701 2145 790 2205 tinem
807 2147 913 2224 putas?

149 2229 259 2308 gradus
275 2238 327 2290 est.

150 2326 253 2375 cnon.
365 2315 434 2393 quid
450 2314 527 2375 ultra
542 2315 655 2391 potuit?
677 2313 786 2374 obiecit
801 2314 873 2374 ieris

155 2399 291 2459 lanianda
307 2401 407 2460 forsan
426 2416 552 2477 corpora
569 2407 657 2474 atque
672 2400 740 2476 igne
756 2400 860 2458 arcuit.

154 2497 257 2543 uvur.
282 2486 392 2543 utinam
410 2485 562 2543 arcuisset.
593 2500 630 2543 ne
645 2489 726 2560 tegat
741 2485 857 2543 functos
873 2481 991 2550 humus,

152 2586 208 2628 nec
223 2567 319 2627 soluat
333 2570 423 2645 ignis,
441 2568 546 2628 auibus
562 2566 724 2644 epulandos
739 2565 808 2627 licet
1092 2584 1142 2633 750

153 2651 285 2730 ferisque
300 2655 384 2711 triste
400 2652 541 2729 pabulum
558 2654 655 2712 saeuis
671 2652 778 2712 trahat.

117 2730 142 2788 θ’
198 2739 303 2795 uotum
321 2744 365 2796 est
380 2736 435 2795 sub
451 2736 522 2803 hoc,
539 2736 618 2815 quod
636 2755 700 2796 esse
715 2734 891 2814 supplicium
907 2733 998 2795 solet:

153 2828 237 2899 pater
253 2819 415 2897 insepultos
430 2827 552 2899 spectet.
584 2819 698 2881 onuilo
720 2819 796 2880 scel
806 2837 845 2879 us

153 2905 295 2965 credibile
311 2908 338 2964 iu
357 2924 430 2965 aeuo
447 2905 585 2983 quodque
600 2907 758 2982 posteritas
774 2910 870 2982 neget.

153 3000 252 3067 erepta
270 2992 344 3049 uiuis
361 2998 425 3050 exta
441 2990 612 3069 pectoribus
628 2996 759 3050 tremunt
1034 2994 1040 3002 “
1091 3005 1143 3055 755

153 3077 326 3154 spirantque
341 3092 436 3135 uenae
452 3093 562 3153 corque
578 3075 675 3134 adhuc
690 3073 829 3152 pauidum
845 3071 921 3133 salit.

152 3230 353 3240 ------Δ

222 3315 269 3364 731
299 3313 403 3363 sceiere
426 3313 451 3362 Ε
481 3311 583 3363 sceleri
601 3312 626 3360 Α
666 3307 677 3375 il
719 3312 768 3360 739
798 3313 936 3371 rueretur
966 3309 1075 3360 fureret

153 3381 200 3431 Εα
222 3378 234 3448 Η
263 3383 311 3444 741
330 3383 400 3431 exiit
418 3398 436 3431 α
459 3381 539 3430 stetit
556 3379 596 3428 nn
615 3379 708 3428 extitit
725 3385 764 3440 ψε
788 3374 799 3442 ΙΙ
828 3379 878 3427 744
896 3391 951 3426 uon
970 3378 1072 3427 stetA

154 3451 274 3500 stetitR
302 3450 325 3498 si
345 3454 402 3498 stet
419 3449 445 3498 E
472 3444 484 3513 Η
513 3449 562 3497 745
584 3445 646 3511 plus
666 3450 709 3495 est
727 3447 751 3494 A
783 3445 845 3510 pius
864 3448 907 3494 est
925 3443 952 3494 Ε
980 3441 993 3510 ΙΙ
1024 3446 1076 3496 too

153 3531 187 3566 ne
207 3520 230 3565 Α
254 3533 308 3566 neo
326 3517 351 3567 Ε
374 3514 385 3583 Η
410 3518 458 3567 751
477 3515 572 3564 tradet
590 3513 614 3562 Ε
637 3511 649 3580 i?
