2326 3922
367 893 522 940 TANTALI
536 893 667 940 VMBRA.
697 892 813 939 nvnlt.

120 1027 131 1061 a
219 999 291 1071 Quis
308 1018 355 1060 rne
369 998 535 1058 inferorum
551 997 621 1058 sede
637 999 674 1058 ah
690 998 816 1060 infausta
835 998 962 1059 extrahit

141 1085 219 1145 arido
235 1085 357 1161 fugaces
374 1102 425 1144 ore
442 1090 609 1162 captantem
625 1081 726 1144 cibos?

115 1184 127 1234 b
179 1171 250 1242 Quis
266 1168 343 1229 male
359 1171 482 1230 deorum
499 1166 622 1229 Tantalo
637 1170 716 1230 uisas
731 1168 834 1229 domos

138 1254 263 1314 ostendit
278 1255 405 1314 iterum?
427 1254 512 1330 peius
526 1253 679 1314 inuentum
697 1261 741 1314 est
756 1255 803 1312 siti

136 1348 234 1399 arente
249 1341 280 1398 in
298 1339 384 1400 undis
401 1337 512 1416 aliquid
529 1340 655 1421 etpeias
670 1338 747 1398 iame

135 1424 232 1483 triante
249 1423 387 1500 semper?
403 1422 521 1502 Sisyphi
537 1423 680 1501 numquid
696 1423 770 1502 iapis

133 1508 293 1583 gestandus
310 1509 420 1567 umeris
434 1506 567 1567 lubricus
582 1507 691 1568 nostris
708 1507 809 1568 ueniti

97 1602 120 1659 b¹
169 1595 226 1652 Aut
242 1591 377 1651 membra
393 1590 482 1651 celeri
499 1591 640 1651 differens
656 1609 746 1651 cursu
762 1592 845 1652 rota?

133 1685 182 1737 aut
198 1695 295 1754 poena
311 1677 394 1755 Tityi,
412 1679 462 1754 qoi
478 1693 569 1754 specu
585 1684 669 1735 nasto
686 1683 788 1754 patens

133 1761 298 1822 uisceribus
314 1769 393 1822 atras
407 1762 502 1839 pascit
517 1761 629 1821 effossis
644 1778 723 1829 auce,
914 1773 936 1813 s.
951 1772 1047 1814 exrnn
1068 1767 1100 1814 10

132 1857 162 1906 et
177 1855 266 1906 nocte
282 1863 424 1923 reparans
449 1845 588 1923 quicquid
605 1846 701 1904 amisit
716 1845 773 1913 die,

131 1929 252 2007 pienum
269 1931 384 1990 recenti
399 1928 539 2010 pabutum
559 1937 692 1988 monstro
709 1929 802 1990 iacet?

96 2047 111 2078 c
175 2015 208 2075 In
225 2015 303 2092 quod
320 2012 429 2074 maiam
446 2012 651 2074 transcrihori
674 2033 690 2073 o
707 2014 841 2092 quisquis
860 2031 935 2073 noua

132 2099 276 2177 supplicia
293 2100 401 2159 functis
416 2098 509 2158 durus
525 2097 698 2157 umbrarum
715 2097 826 2158 arbiter

133 2184 276 2262 disponis,
294 2183 365 2243 aridi
377 2185 401 2240 si
418 2183 488 2259 quid
505 2182 540 2241 ad
558 2200 668 2260 poenas
683 2191 790 2261 potest,

132 2268 210 2347 quod
227 2269 290 2347 ipse
307 2274 405 2327 custos
421 2267 549 2327 carceris
564 2266 621 2326 diri
636 2267 766 2336 horreat,

93 2362 117 2419 c'
176 2352 259 2424 Quod
276 2359 406 2412 maestus
423 2351 559 2412 Acheron
575 2359 696 2430 paueat,
714 2351 749 2412 ad
766 2353 850 2412 cuius
868 2359 978 2413 metum

200 2555 337 2606 INCIPIT
364 2553 368 2616 Ι
394 2553 591 2604 THYESTES.
619 2552 818 2605 FELICITER
849 2553 853 2618 Ι
881 2555 1050 2606 TANTALI.

131 2638 447 2690 VIIBRA·FVRIA.E
470 2635 482 2705 ll
511 2638 894 2694 'rANTALvs·MEGARA.
908 2641 933 2690 Α
964 2636 975 2706 ΙΙ
1006 2640 1051 2690 ‘In

129 2741 174 2771 me.
195 2726 285 2773 codiee
303 2724 445 2775 ATREVS
463 2724 660 2774 inreribebatur’
679 2724 755 2774 nne.

202 2894 216 2940 l
241 2893 310 2954 Quis
327 2908 371 2941 me
388 2893 465 2942 furor
483 2908 556 2943 nunc
579 2893 644 2944 sede
664 2893 699 2944 ab
718 2893 844 2943 infausta
867 2894 1006 2945 abstrahit
1025 2897 1048 2944 Α

130 2958 239 3009 ΤΑΝΤ.
264 2961 324 3021 (sed
338 2976 424 3024 paene
442 2963 570 3011 detersam
587 2977 640 3011 cum
662 2961 784 3023 scholiis.)
805 2963 873 3024 Quis
898 2963 1048 3014 inferorum

131 3028 199 3077 sede
220 3026 254 3076 ab
274 3028 400 3077 infausta
419 3028 541 3078 extrahit
559 3028 583 3077 E
614 3029 681 3090 Quis
699 3045 748 3078 me
760 3029 910 3079 inferorum
929 3031 995 3081 sede
1015 3031 1049 3081 ab

131 3095 259 3145 infausto
277 3095 397 3144 extrahit
415 3096 455 3145 M
487 3092 499 3160 ΙΙ
533 3099 549 3146 3
567 3097 647 3146 uiues
666 3096 760 3146 domos
779 3097 809 3146 Α
833 3099 910 3148 uisas
929 3099 1007 3150 domo
1027 3099 1051 3148 E

133 3161 250 3212 inuisas
268 3164 301 3212 ci.
315 3163 390 3213 Nlla.
410 3167 508 3214 iussas
526 3166 558 3213 ci.
572 3165 626 3213 ΗΡ.
651 3161 663 3229 ΙΙ
686 3162 701 3214 9
721 3169 769 3213 aut
782 3181 872 3230 poene
886 3167 963 3230 Tityi
981 3183 1050 3215 sem·

131 3244 182 3295 per
201 3243 368 3280 accrescens
390 3232 467 3281 iecur
485 3232 509 3280 A
541 3247 567 3284 a.
587 3249 614 3296 p.
634 3236 653 3280 t.
674 3233 720 3296 qui
738 3248 823 3297 specu
847 3240 928 3284 uasto
952 3240 1051 3297 pateus

133 3312 244 3362 semper
263 3312 426 3348 accrescens
444 3300 522 3350 Iecur
534 3299 574 3349 Μ
604 3315 628 3348 a.
648 3316 674 3364 p.
693 3305 713 3350 t.
733 3303 780 3362 qui
799 3316 883 3365 specu
901 3305 983 3348 uasto
1002 3314 1051 3362 pa·

134 3372 196 3414 tens
216 3361 274 3428 (om.
288 3380 372 3431 semp.
386 3383 427 3416 ac.
442 3368 472 3432 i.)
487 3364 512 3416 E
533 3363 545 3433 Η
570 3370 601 3418 10
618 3367 780 3417 uulneribus
793 3384 814 3416 ω
832 3367 986 3417 uisceribus
1000 3382 1018 3414 α
1030 3363 1042 3431 [Ι

135 3435 167 3481 15
186 3431 257 3482 adde
270 3450 291 3483 oo
310 3433 379 3484 eddi
392 3435 441 3488 Bo.
466 3433 478 3502 ΙΙ
501 3436 618 3501 potesA
638 3440 730 3499 potest
742 3435 767 3484 E
781 3434 839 3497 (Gr.
850 3433 880 3498 t.)
904 3430 916 3500 Η
