2326 3922
476 212 624 260 onumvs
700 190 714 212 “

135 354 292 413 Scrutatur
308 352 412 412 auidus
426 351 562 412 manibus
578 353 660 412 uocis
676 351 801 413 lumina:

90 438 190 498 radice
206 436 244 497 ab
260 439 318 495 ima
334 436 465 497 funditus
480 434 580 496 uulsos
596 436 683 497 simul

91 522 204 583 euoluit
220 520 319 581 orbes.
350 521 457 601 haeret!
468 523 497 580 in
513 540 607 582 uacuo
623 539 728 582 manus

89 616 118 666 et
132 607 189 665 lixa
205 608 323 684 penitus
339 605 488 684 unguibus
504 605 613 666 lacerat
629 624 717 666 canos

88 691 146 751 alte
162 708 298 751 recessus
314 689 457 751 luminum
474 700 502 751 et
518 692 621 751 inanes
636 691 717 750 sinus

88 776 243 854 saeuitque
260 775 368 835 frustra
385 774 613 854 plusquequam
630 776 699 834 satis
716 782 760 836 est
775 775 855 834 iurit.

131 860 260 920 Tantum
277 868 321 919 est
335 858 480 937 periclum
495 858 578 920 lucis.
609 858 715 919 attollit
730 868 819 937 caput

88 946 230 1021 cauisque
246 944 374 1004 lustrans
390 943 513 1004 orbibus
529 943 601 1004 caeli
617 943 716 1022 plagas

87 1039 205 1090 noctem
224 1031 383 1107 experitur.
415 1029 554 1106 quicquid
571 1029 684 1088 effossis
700 1027 775 1088 male

86 1113 236 1192 dependet
252 1112 359 1183 oculis,
376 1115 487 1190 rumpit
502 1121 530 1172 et
546 1114 641 1173 uictor
658 1113 729 1173 deos

87 1197 254 1260 conclamat
269 1200 380 1259 omnis:
406 1199 535 1276 ‘parcite
551 1197 609 1258 heu
625 1199 737 1275 patriae
753 1215 875 1275 precor:

87 1284 143 1344 iam
159 1286 235 1343 iusta
253 1283 323 1349 leci,
341 1282 454 1343 debitas
470 1299 580 1360 poenas
596 1282 657 1343 tuli.
758 1313 760 1317 ·

87 1370 206 1428 inuenta
224 1367 360 1428 thalamis
376 1368 464 1445 digna
482 1385 540 1428 nox
557 1367 674 1428 tandem
692 1367 786 1426 meis!

86 1453 140 1529 rig
151 1461 185 1512 at
201 1471 253 1512 ora
270 1453 373 1513 foedus
388 1451 507 1512 imber
523 1460 554 1511 et
567 1452 697 1512 lacerum
715 1460 818 1530 caput,

87 1537 201 1612 largum
218 1537 345 1598 reuulsis
361 1538 533 1613 sanguinem
549 1537 634 1597 uenis
650 1537 750 1596 uomit.
768 1571 806 1580 —-

469 1802 617 1852 cuonvs
663 1772 666 1778 ⁴

258 1960 335 2019 Fatis
351 1960 479 2035 agimur:
503 1960 597 2019 cedite
613 1960 687 2020 latis.

214 2062 273 2104 non
290 2043 430 2104 sollicitae
446 2053 572 2122 possunt
588 2063 677 2104 curae

213 2139 327 2188 mutare
343 2131 397 2188 rati
413 2129 535 2188 stamina
553 2129 618 2189 iusi.

242 2297 402 2376 -Quicquid
419 2299 546 2376 patimur
563 2298 687 2358 mortale
704 2316 813 2376 genus,

212 2383 351 2461 quicquid
370 2383 509 2450 iacimus,
527 2383 607 2442 uenit
625 2401 659 2442 ex
676 2381 734 2443 alto

211 2473 369 2546 seruatque
384 2485 455 2526 suae
471 2467 590 2527 decreta
607 2466 690 2526 colus

212 2551 350 2610 Lachesis
366 2551 437 2612 dura
455 2551 589 2611 reuoluta
607 2570 704 2611 manu.

255 2719 359 2779 Omnia
375 2727 458 2780 recto
474 2722 591 2781 tramite
607 2720 720 2781 tradunt

211 2807 385 2883 primusque
401 2805 464 2865 dies
480 2804 561 2864 dedit
577 2813 752 2865 extremum.

211 2907 270 2948 non
288 2887 335 2949 illa
352 2890 407 2949 deo
424 2891 549 2950 uertisse
565 2887 634 2949 licet

210 2991 286 3051 quae
302 2991 376 3033 nexa
393 2976 454 3034 suis
471 2983 595 3035 currunt
611 2976 716 3034 causis.

88 3133 286 3144 *—

146 3230 196 3278 991
217 3233 262 3277 sat
280 3231 323 3278 est
340 3229 428 3278 etita
447 3229 517 3278 satis
530 3232 573 3278 est
590 3229 615 3278 A
628 3225 639 3292 ΙΙ
651 3230 700 3278 992
720 3228 809 3278 Tanti
828 3233 870 3279 est
888 3230 963 3281 NHs.
985 3231 997 3292 li

87 3295 129 3345 995
147 3295 280 3361 dependit
297 3295 323 3344 E
339 3293 351 3362 ΙΙ
368 3298 417 3346 996
437 3312 471 3345 en
490 3297 535 3346 eA
554 3295 608 3344 heu
627 3299 667 3358 p?
684 3292 762 3361 {1997
782 3298 857 3346 iussa
876 3312 897 3344 ω
914 3296 999 3346 iusta

88 3361 155 3413 b'Hr.
168 3360 180 3429 ΙΙ
194 3365 260 3414 1000
278 3368 374 3414 uomet
391 3361 440 3429 El}
453 3365 516 3414 1001
537 3365 677 3428 agapimur
697 3360 738 3426 (er
750 3367 800 3415 dei.
814 3381 844 3413 m.
857 3363 919 3425 sec.)
938 3363 964 3410 E
984 3365 997 3426 Η

88 3431 184 3481 credite
197 3430 252 3494 Εψ
266 3431 356 3482 cedite
369 3433 394 3480 A
407 3427 419 3497 Η
432 3433 497 3482 1006
510 3446 576 3481 suae
589 3432 645 3481 EA
659 3446 708 3481 sua
721 3440 744 3496 ψ
757 3429 768 3498 Η
782 3433 847 3482 1008
860 3435 936 3480 secto
949 3430 998 3494 Εψ

87 3505 157 3562 septo
176 3499 336 3549 Boccaccius
355 3504 430 3548 certo
449 3500 473 3548 A
493 3505 585 3549 racto
607 3500 684 3551 Gran.
708 3496 720 3564 ll
833 3500 839 3508 '
