2326 3922
156 210 199 274 60
437 225 468 270 E.
486 224 618 272 aunam
635 223 793 272 sEnEoAE

157 382 211 424 nos
226 382 345 443 quoque
360 371 532 431 tremamus,
549 381 673 441 quaere:
690 364 748 422 iam
765 370 865 424 nostra
881 363 960 425 subit

158 468 173 508 e
189 449 280 526 stirpe
295 447 382 507 turba
399 466 474 525 quae
489 465 574 507 suum
591 449 691 507 uinoat
706 465 800 526 genus

157 552 191 592 ao
207 551 255 592 me
270 534 458 593 innocentem
476 533 562 592 faeiat
578 539 607 593 et
622 532 723 592 inausa
740 532 855 594 audeat

124 633 139 666 e
199 617 332 693 Regione
348 617 488 695 quioquid
505 617 583 693 inpia
600 615 777 685 cessationi,

158 699 319 781 oonplebo,
338 719 500 778 numquam
516 708 613 761 stante
628 690 752 782 pelopea
769 700 859 762 domo

156 786 252 847 Minos
268 785 393 846 uocabit.
987 820 1001 852 κ

140 883 234 930 Evn.
441 887 531 948 perge
548 869 728 930 detestabilis
933 891 969 966 si

119 972 121 976 ·
158 953 261 1014 umbra
280 962 308 1013 et
323 963 445 1031 penates
461 956 558 1030 inpios
580 953 691 1016 iuriis
712 971 776 1032 age.
902 945 971 1039 go!

122 1071 137 1105 c
201 1038 336 1100 Certetur
352 1040 432 1097 omni
448 1037 562 1098 scelere
584 1037 740 1099 eteiterna
756 1039 821 1098 uio‘e
875 1026 903 1097 i*
1083 1052 1110 1104 at

158 1111 320 1200 stringatur
336 1123 423 1183 ensis.
456 1140 511 1183 neo
527 1123 563 1183 sit
579 1124 691 1184 irarum
707 1123 840 1184 modnss
856 1069 889 1171 bi

157 1207 308 1285 pudorne:
326 1216 440 1268 mentes
456 1225 562 1268 oaeous
577 1208 696 1286 instiget
709 1208 832 1278 furor,

156 1290 254 1353 rabies
270 1300 425 1369 parentum
442 1292 528 1354 duret
543 1300 572 1352 et
587 1291 708 1371 lengum
725 1292 807 1352 nefas

158 1384 204 1438 eat
219 1380 247 1438 in
264 1387 398 1455 nepotes.

123 1479 140 1527 b
437 1461 600 1541 Nequaoet
615 1462 751 1540 cuiquam
768 1468 854 1525 uetus
944 1540 947 1545 θ

158 1546 254 1605 odisse
270 1546 428 1604 crimen:
453 1564 571 1624 semper
586 1547 699 1605 oriatur
715 1564 826 1607 nouum

159 1648 213 1690 neo
229 1647 322 1689 unum
338 1631 368 1689 in
384 1648 458 1698 uno,
475 1630 605 1709 dumque
619 1631 741 1709 punitur
757 1630 897 1701 scelus,

158 1721 282 1773 creseat.
307 1714 444 1792 superbis
460 1714 602 1774 iratribus
617 1731 731 1792 regna
747 1716 884 1776 excidant

157 1807 333 1876 repetatque
349 1799 492 1877 proteges
514 1798 603 1859 dubia
619 1798 765 1860 uiolentae
777 1800 886 1861 domus

158 1883 285 1945 fortuna.
516 1931 518 1935 .

117 1976 144 2035 θ’
322 1968 419 2045 Reges
434 1969 511 2027 inter
528 1969 659 2029 incertos
674 1967 754 2031 labet

159 2052 264 2133 [miser
278 2071 318 2114 ex
327 2060 455 2129 potente
467 2057 538 2127 fiat,
556 2070 596 2114 ex
610 2057 720 2115 misero
728 2051 853 2135 potens]

156 2137 308 2215 fluctuque
323 2153 386 2213 reg
399 2154 482 2196 num
499 2155 585 2198 casus
600 2136 723 2198 adsiduo
740 2137 824 2198 serat.

157 2222 195 2282 ob
218 2220 362 2283 scelera
384 2220 477 2299 pulsi,
503 2240 569 2282 oum
586 2220 666 2283 dabit
680 2225 805 2303 patriam
821 2224 904 2292 deus,

157 2309 186 2367 in
208 2305 356 2368 seelera
378 2306 502 2367 redeant
523 2308 640 2385 sintque
655 2314 715 2368 tam
731 2307 820 2367 inuisi
835 2307 983 2378 omnibus,

158 2411 244 2471 quam
262 2391 327 2452 sibi.
357 2390 428 2463 nihii
445 2392 482 2450 sit
497 2393 540 2452 ira
557 2391 635 2469 quod
651 2394 775 2453 uetitum
790 2399 889 2472 putet:

123 2492 138 2526 ο
199 2477 368 2536 Fratrem
390 2482 567 2552 expauesoat
582 2476 717 2547 frater,
735 2484 763 2537 et
777 2476 897 2553 gnatum
915 2495 1026 2556 parens
1090 2491 1130 2541 to

156 2569 320 2637 gnatusque
335 2566 467 2636 patrem,
484 2559 570 2621 liberi
586 2571 709 2638 pereant
724 2561 809 2630 male,

156 2646 240 2722 peius
255 2651 352 2702 tamen
370 2653 542 2716 nascantur,
559 2645 702 2706 inmineat
717 2647 782 2706 uiro

156 2729 260 2787 intesta
279 2728 423 2795 coniunx,
440 2726 516 2789 belia
532 2737 614 2789 trans
629 2738 752 2807 pontum
769 2730 887 2792 nebant.

122 2806 145 2863 θ’
193 2812 309 2872 Effusus
325 2813 420 2872 omnis
435 2813 542 2890 inriget
557 2822 652 2875 terras
668 2833 758 2875 cruor

156 2915 305 2975 supraque
321 2903 444 2975 magnos
460 2899 590 2974 gentium
608 2898 718 2960 exultet
733 2901 823 2961 duces
1090 2913 1131 2964 tt

157 2981 246 3041 libido
263 2982 378 3042 uictrix.
401 2982 479 3061 inpia
496 2991 630 3063 stuprum
646 2985 675 3043 in
693 2985 781 3044 domo

156 3064 339 3126 leuissimum
356 3068 402 3127 sit.
438 3068 572 3128 fratris
589 3076 618 3128 et
634 3069 677 3128 ias
693 3079 719 3128 et
735 3069 808 3129 rides

223 3307 255 3355 23
271 3305 319 3353 rm.
332 3306 356 3354 A
374 3303 495 3354 FVRIA.
513 3303 539 3352 E
558 3301 605 3367 (sio
615 3320 665 3367 per
676 3311 754 3354 totam
765 3301 925 3422 scaenam&
941 3309 975 3358 26
985 3307 1072 3358 strin-

155 3379 255 3438 gantur
274 3386 354 3422 enses
373 3373 397 3421 Α
429 3372 583 3436 stringatur
601 3386 661 3421 oses
680 3371 705 3419 E
727 3374 786 3432 (str.
807 3374 881 3423 ensis
943 3371 1060 3440 witin

154 3444 393 3573 {rgetruegruegagtqlrlre
412 3438 519 3490 Eser.
552 3443 758 3503 repetatqueqa
787 3437 799 3505 ll
828 3443 862 3492 at
883 3442 969 3492 dorent
996 3438 1009 3508 ΙΙ
1037 3443 1073 3495 86
