2326 3922
474 196 641 242 PHAEDRA

50 336 75 395 f
141 336 235 406 Quam
252 337 333 395 uaria
349 334 400 394 leti
415 352 524 412 genera
540 335 696 396 mortalem
713 334 835 394 traimnt
1031 345 1082 394 483

92 427 284 497 carpuntque
299 421 436 487 turbam,
453 428 561 497 pontus
580 427 609 480 71
624 419 737 480 serrum
754 427 782 479 et
797 418 866 480 doli.
983 419 986 425 '
1157 418 1160 423 ’

92 504 229 583 prouidit
243 503 291 564 ille
306 505 451 564 maximus
467 505 575 564 mundi·
584 522 692 582 parens
1031 513 1083 562 474

94 607 167 648 eum
183 597 241 648 tarn
255 606 380 666 rapaces
395 595 532 649 cerneret
546 589 596 648 1711
612 607 731 658 manua,
1031 598 1082 647 475

95 681 133 733 ut
148 673 253 733 damna
268 691 388 751 semper
402 671 506 734 subole
521 681 677 752 repararet
690 692 779 734 noua.
1031 686 1081 734 477

48 758 79 830 g'
143 757 200 817 Sed
215 758 272 817 iata
289 758 393 818 eredas
408 757 507 818 desse:
531 759 574 818 sio
589 767 683 818 atram
699 768 781 838 styga
1031 771 1082 823 485

93 843 156 902 iam
172 841 298 919 petimus
313 840 400 902 71177.
432 841 574 903 caelibem
589 844 680 904 uitam
698 843 804 921 probet

94 924 206 986 sterilis
220 927 376 988 iuuentus:
399 926 456 987 hoc
472 928 529 987 erit
545 927 684 1006 quioquid
700 928 783 988 uides

98 1012 190 1070 unius
204 1011 269 1072 aeui
284 1009 371 1071 turba
387 1013 459 1072 etin
474 1018 569 1072 semet
583 1020 660 1072 ruet.

94 1095 224 1172 proinde
240 1096 316 1154 uitae
331 1113 458 1173 sequere
472 1105 607 1157 naturam
624 1097 744 1157 ducem:

94 1178 207 1239 urbem
223 1177 377 1258 frequenta
393 1181 502 1242 ciuium
520 1191 621 1241 coetus
636 1180 710 1241 7717.
914 1251 920 1260 ι
1029 1197 1081 1245 477

55 1271 88 1321 h⁰
147 1276 238 1331 Hirr,
262 1264 327 1324 Non
343 1264 397 1324 alia
415 1266 508 1341 magis
523 1274 567 1326 771
582 1265 672 1326 libera
691 1273 720 1325 et
734 1266 807 1325 uitio
824 1283 929 1326 777777
980 1273 1114 1320 7171711111

94 1349 231 1425 ritusque
245 1346 352 1409 melius
367 1350 425 1408 uita
442 1368 518 1427 quae
533 1351 647 1428 priseos
663 1349 751 1418 77171,

94 1449 187 1509 quam
202 1451 278 1510 quae
293 1431 403 1493 relictis
417 1433 573 1494 moenibus
587 1433 678 1495 siluas
693 1441 780 1494 amat.

61 1528 73 1574 i
143 1516 218 1575 Non
233 1514 338 1578 illum
355 1535 462 1578 auarae
477 1521 584 1579 mentis
600 1519 761 1580 inflammat
776 1519 859 1580 iuror

94 1600 195 1678 quise
211 1600 319 1662 dicauit
337 1603 479 1662 montium
495 1605 642 1664 insontem
658 1606 750 1681 iugis,

92 1702 159 1744 non
175 1701 245 1744 aura
261 1685 362 1764 popuii
377 1693 406 1747 et
420 1686 528 1763 uulgus
543 1688 665 1748 infidum
682 1687 768 1748 honis

93 1786 158 1827 non
174 1768 314 1846 pestilens
328 1771 438 1832 inuidia
454 1790 513 1832 non
530 1772 641 1850 fragilis
657 1773 751 1833 sanor.
814 1786 816 1791 '

60 1855 81 1912 i'
142 1852 220 1913 Non
236 1852 302 1915 ille
317 1872 410 1934 regno
426 1857 518 1916 seruit
532 1865 583 1917 aut
596 1875 690 1935 regno
705 1858 851 1919 inminens

92 1954 191 1998 uanos
205 1937 335 1999 honores
351 1942 485 2018 sequitur
500 1947 550 2001 aut
564 1941 659 2003 fluxas
675 1959 747 2019 opes

93 2023 161 2099 spei
177 2030 330 2099 metusque
346 2023 429 2085 liber.
462 2026 541 2105 haud
556 2025 638 2086 ilium
654 2027 739 2102 niger

94 2105 231 2185 edaxque
245 2105 323 2168 liuor
338 2110 426 2170 dente
442 2109 582 2186 degeneri
597 2112 678 2188 petit.

60 2201 81 2249 k
142 2189 204 2250 Nec
217 2191 330 2252 7771777
346 2193 472 2273 populos
488 2196 565 2255 inter
581 2203 668 2274 atque
684 2195 774 2256 urbes
789 2203 853 2257 suta

95 2276 183 2335 nouit
203 2294 260 2336 nee
275 2294 378 2338 omnes
393 2281 530 2339 conscius
545 2282 685 2358 strepitus
700 2289 789 2357 pauet
855 2282 857 2286 ’

95 2365 150 2419 aut
164 2359 255 2420 uerba
271 2361 362 2438 fingit.
392 2361 472 2424 mille
489 2381 548 2425 non
565 2367 681 2443 quaerit
697 2367 755 2442 tegi

95 2444 182 2504 diues
198 2443 342 2504 columnis
357 2463 413 2506 nee
428 2447 528 2508 trabes
543 2449 635 2510 multo
651 2448 781 2509 insolens
1028 2460 1079 2509 575

94 2527 208 2604 suffigit
223 2546 307 2590 auro.
337 2548 396 2590 non
413 2549 502 2592 cruor
517 2532 618 2611 largus
633 2536 696 2612 pias

93 2613 221 2672 inundat
236 2631 303 2673 7777
318 2614 403 2693 fruge
417 2633 474 2678 nee
488 2624 582 2695 sparsi
598 2637 682 2678 77777

88 2704 220 2758 ¹centena
237 2698 319 2758 niuei
335 2698 408 2760 77117
423 2704 612 2763 summittunt
626 2702 729 2763 boues,

53 2781 81 2838 k'
140 2781 197 2841 Sed
212 2799 285 2843 rure
301 2801 396 2844 uacuo
412 2787 523 2863 potitur
539 2794 568 2846 et
583 2796 686 2865 aperto
702 2788 823 2848 aethere

92 2868 242 2928 innocuus
258 2876 348 2936 errat.
379 2868 503 2930 Callidus
518 2878 631 2938 tantum
647 2873 717 2932 seris
856 2910 858 2914 -
1029 2882 1079 2931 517

92 2952 238 3011 struxisse
253 2951 374 3014 fraudes
389 2956 473 3015 nouit
488 2963 516 3015 71
532 2955 626 3016 sessus
642 2959 726 3033 graui

159 3105 212 3153 4⁷5
231 3102 321 3154 minue
340 3106 364 3154 Α
389 3122 485 3158 munus
504 3108 528 3155 E
551 3105 563 3174 11
586 3111 635 3159 476
655 3108 750 3160 sobole
773 3125 842 3160 corr.
861 3126 897 3160 eo:
915 3110 1010 3161 sarbole

89 3200 128 3253 Ε·
140 3199 216 3269 {1490
234 3178 313 3257 egene
330 3206 356 3255 Ε
376 3203 388 3273 ΙΙ
407 3210 457 3258 493
476 3223 613 3272 quamque
632 3210 657 3258 E
673 3207 751 3276 {1498
769 3211 894 3263 imminet
911 3214 936 3260 A
960 3213 1011 3260 im·

90 3272 202 3322 minens
219 3285 234 3324 ε
250 3270 264 3340 Ι]
278 3275 330 3324 499
347 3289 489 3341 uanosque
508 3273 615 3342 7115112
634 3280 706 3327 inter
724 3283 808 3342 etque
827 3279 852 3327 E
870 3277 929 3341 (1111.
951 3282 1012 3328 erat

88 3355 144 3389 ter.
161 3356 195 3390 m.
215 3343 241 3391 2.
260 3344 288 3392 in
304 3344 373 3405 rae.)
397 3340 408 3409 ΙΙ
431 3347 486 3394 sita
505 3361 526 3395 ω
544 3349 615 3394 sata
633 3346 709 3395 NHs.
726 3342 738 3412 ΙΙ
758 3349 809 3396 504
827 3346 898 3394 heud
920 3346 942 3393 Α
963 3349 1012 3393 aut

89 3407 117 3456 Β
133 3403 146 3470 ΙΙ
162 3409 215 3458 506
233 3407 359 3474 771117ςί1
377 3426 403 3486 cg
419 3411 524 3462 suffieit
536 3413 561 3461 E
579 3412 685 3477 suffigit
702 3422 725 3475 ψ
745 3428 821 3476 ,unus
838 3413 895 3462 cod.
914 3412 1012 3462 sufful-

89 3473 144 3524 cit‘
163 3474 234 3526 Bad.
259 3473 271 3542 11
295 3479 344 3528 507
363 3493 461 3543 sparsa
480 3496 499 3529 α
517 3479 598 3541 (corr.
619 3484 644 3529 in
663 3483 715 3531 ind.
734 3480 800 3546 err.)
823 3477 837 3546 Η
