2326 3922
373 212 556 260 nuncnune
574 199 763 282 [onrxnvs]
964 197 1026 262 431

110 355 163 415 sed
180 372 242 415 non
258 361 397 414 cruentae
414 351 576 413 sceleribus
592 361 702 431 nuptae
718 354 796 414 iaces

109 458 165 499 nec
181 439 288 500 fraude
304 439 425 504 matris,
442 437 554 501 Nessus
569 437 624 498 hos
640 440 747 498 struxit
762 437 845 499 dolos

107 526 184 584 ictus
201 525 313 600 sagittis
328 524 380 603 qui
395 524 451 582 tuis
466 524 557 583 uitam
575 527 687 601 expuit.

109 626 218 669 cruore
233 610 324 668 tincta
342 614 386 668 est
400 605 475 684 palla
492 607 624 667 semileri
640 616 724 684 pater

107 693 278 772 Nessusque
294 709 372 752 nunc
388 692 441 752 has
458 691 548 770 exigit
562 710 673 771 poenas
689 692 755 753 sihi.
1046 702 1111 751 1475

106 790 211 837 nnnc,
239 776 351 838 hahet
370 783 562 855 peractum
585 785 652 847 est,
677 777 734 838 lata
756 796 787 838 se
808 784 908 838 nostra
932 778 1024 857 expli-

720 871 795 923 cant.
996 876 1019 919 r.
1034 876 1106 917 ocvn

106 947 157 1007 lux
172 949 227 1007 ista
245 964 359 1007 summa
375 953 434 1006 est:
460 963 588 1022 quercus
603 946 680 1006 hanc
695 954 806 1007 sortem
822 947 894 1007 mihi

106 1032 227 1092 fatidica
244 1031 391 1110 quondam
410 1029 532 1091 dederat
548 1040 577 1090 et
590 1034 745 1108 parnassio

110 1117 248 1176 cirrhaea
263 1118 398 1194 quatiens
414 1114 523 1193 templa
540 1118 654 1192 mugitu
670 1135 790 1177 nemus:

107 1201 229 1262 ‘dextra
245 1202 392 1279 perempti
408 1201 504 1260 uictor
519 1199 620 1261 Alcide
636 1202 693 1261 uiri

107 1285 176 1346 olim
192 1285 316 1355 iacebis,
334 1285 382 1345 hic
398 1284 450 1344 tihi
467 1303 587 1345 emenso
603 1286 676 1344 lreta

106 1378 263 1448 terrasque
280 1379 308 1430 et
324 1368 445 1430 umhras
460 1369 525 1429 linis
542 1377 691 1430 extremus
706 1370 815 1430 (latur)

106 1454 148 1515 nil
162 1456 319 1534 querimur
335 1454 427 1515 ultra:
451 1454 549 1515 decuit
565 1455 645 1514 hunc
661 1455 749 1514 finem
766 1455 845 1524 dari,

106 1541 226 1620 nequis
242 1547 392 1617 superstes
408 1539 528 1599 Herculi
544 1542 643 1600 uictor
659 1540 745 1599 loret.

107 1643 187 1685 nunc
202 1643 284 1685 mors
299 1623 415 1702 legatur
431 1623 509 1683 clara
526 1625 716 1685 memoranda
732 1624 842 1686 incluta
1044 1635 1110 1684 1485

107 1729 154 1770 mc
170 1709 257 1787 digna
273 1727 412 1787 prorsus:
437 1707 565 1768 nohilem
581 1710 661 1769 hunc
677 1711 781 1770 faciam
799 1710 885 1770 diem.

107 1795 247 1855 caedatur
264 1795 359 1854 omnis
374 1792 446 1854 silua
464 1801 493 1853 et
508 1800 643 1854 oetaeum
661 1812 765 1855 nemus

107 1880 255 1958 concipiat
269 1881 365 1956 ignes,
383 1877 539 1938 Herculem
557 1879 680 1956 accipiat
695 1896 787 1956 rogus

106 1963 157 2023 sed
175 1970 243 2024 ante
259 1970 395 2023 mortem.
425 1969 458 2022 tn
474 1980 567 2040 genus
583 1966 751 2042 poeantium

106 2048 163 2108 hoc
180 2049 265 2108 triste
280 2046 367 2108 nohis
383 2049 500 2108 iuuenis
517 2048 645 2108 osticium
663 2066 782 2127 appara.

105 2132 247 2194 herculea
263 2139 358 2192 totum
373 2131 492 2192 llamma
509 2132 672 2192 succendat
688 2133 775 2193 diem.

106 2218 142 2278 ad
157 2227 189 2278 te
205 2234 312 2296 preces
327 2234 406 2276 nunc
421 2215 505 2296 Hylle
520 2234 674 2293 supremas
690 2217 763 2277 lero.

106 2309 151 2362 est
166 2301 246 2362 clara
263 2307 362 2378 captas
377 2303 456 2360 inter
471 2303 500 2360 in
516 2300 599 2361 uoltu
614 2319 708 2379 genus

104 2403 293 2465 regnumque
308 2386 443 2447 reserens
459 2386 568 2464 Euryto
585 2388 669 2462 uirgo
687 2388 763 2446 edita

103 2469 182 2541 lole,
200 2472 259 2532 tuis
274 2470 351 2530 hanc
367 2469 480 2530 iacihus
497 2480 526 2532 et
542 2469 678 2530 thalamis
692 2490 774 2550 para.

173 2759 241 2808 1473
264 2758 371 2822 expulit
398 2759 449 2812 εΑ
480 2758 600 2822 exspuit
621 2759 710 2808 Detrio
742 2759 887 2822 extulitap
917 2756 928 2822 ll
959 2761 1024 2810 14⁷5

103 2825 189 2876 ΗΕΒ.
209 2826 430 2876 motionum
450 2823 461 2892 11
484 2827 549 2876 1476
566 2825 650 2874 ΗΕΒ.
671 2827 892 2879 erm.RIOG
912 2825 923 2892 ΙΙ
945 2832 1025 2892 pater

105 2899 197 2944 sctum
217 2898 261 2950 est
277 2894 303 2943 E
320 2900 462 2958 peractum
482 2898 525 2944 est
542 2889 671 2958 Allfatu
689 2909 711 2949 s.
730 2910 757 2947 n.
778 2910 801 2944 e.
820 2896 881 2944 Lux
900 2895 918 2942 i.
938 2911 960 2944 s.
981 2899 1024 2943 est

104 2960 196 3013 obem
213 2962 277 3011 haec
294 2967 318 3024 ψ
337 2967 431 3012 nostra
443 2977 473 3012 se
485 2969 509 3025 ap
521 2959 532 3026 ΙΙ
546 2964 610 3012 1477
629 2961 702 3010 hanc
721 2977 853 3011 summam
873 2962 932 3025 Εψ
950 2961 1024 3010 hanc

104 3035 206 3080 sortem
223 3030 251 3079 Α
266 3024 278 3095 ll
297 3031 363 3081 1480
379 3031 505 3080 Dextera
522 3030 699 3094 perhemptus
718 3031 744 3078 E
762 3031 869 3079 Dextra
887 3031 1025 3094 perempti

104 3097 128 3147 A
148 3093 161 3164 ll
182 3097 361 3149 1483-Nichil
380 3099 405 3148 E
423 3097 468 3148 Nil
487 3099 512 3147 A
534 3094 545 3163 Η
567 3099 633 3147 1484
651 3097 759 3146 herculi
776 3099 802 3146 Ε
819 3097 951 3147 Herculis
964 3099 989 3147 A
1010 3098 1022 3159 ΙΙ

105 3165 170 3216 1488
202 3163 352 3230 Concipiet
380 3167 459 3230 ignes
489 3166 515 3215 Ε
544 3165 686 3229 Suscipiat
716 3165 790 3230 ignis
821 3167 846 3215 A
881 3165 1024 3230 Suscipiat

103 3229 1023 3366 11111111111111111111111

103 3373 195 3434 111119
225 3367 347 3419 incultas
366 3370 391 3419 A
422 3369 605 3419 Oechaliae
624 3368 741 3433 Scaiiper
764 3366 775 3434 ΙΙ
800 3371 866 3418 1494
884 3369 1023 3432 Regnum-

104 3449 156 3500 que
180 3436 248 3499 Εψ
277 3437 437 3502 Regumque
463 3454 482 3487 α
505 3453 558 3490 err.
583 3445 635 3501 tpp.
666 3437 839 3500 Regemque
864 3436 981 3499 Scaliger
1009 3435 1025 3498 ll

105 3506 168 3556 ttae
186 3504 301 3556 talamis
319 3505 344 3554 Ε
362 3504 491 3556 thalamis
509 3506 534 3556 Ji
549 3505 669 3556 flammis
687 3505 712 3556 A
735 3501 751 3572 ll
