<?xml version="1.0" encoding="UTF-8"?>
<!DOCTYPE html PUBLIC "-//W3C//DTD XHTML 1.0 Transitional//EN"
    "http://www.w3.org/TR/xhtml1/DTD/xhtml1-transitional.dtd">
<html xmlns="http://www.w3.org/1999/xhtml" xml:lang="en" lang="en">
 <head>
  <title>
</title>
<meta http-equiv="Content-Type" content="text/html;charset=utf-8" />
  <meta name='ocr-system' content='tesseract 3.04.00' />
  <meta name='ocr-capabilities' content='ocr_page ocr_carea ocr_par ocr_line ocrx_word'/>
</head>
<body>
  <div class='ocr_page' id='page_1' title='image "./lannaeisenecaet00senegoog_0351.png"; bbox 0 0 2326 3922; ppageno 0'>
   <div class='ocr_carea' id='block_1_1' title="bbox 170 205 810 269">
    <p class='ocr_par' dir='ltr' id='par_1_1' title="bbox 170 205 810 269">
     <span class='ocr_line' id='line_1_1' title="bbox 170 205 810 269; baseline -0.008 0"><span class='ocrx_word' id='word_1_1' title='bbox 170 205 236 269; x_wconf 80' lang='lat'>298</span> <span class='ocrx_word' id='word_1_2' title='bbox 456 217 810 267; x_wconf 75' lang='lat' dir='ltr'>x.nxxax1auuucan</span> 
     </span>
    </p>
   </div>
   <div class='ocr_carea' id='block_1_2' title="bbox 64 357 990 2881">
    <p class='ocr_par' dir='ltr' id='par_1_2' title="bbox 170 357 862 757">
     <span class='ocr_line' id='line_1_2' title="bbox 171 357 862 439; baseline -0.004 -20"><span class='ocrx_word' id='word_1_3' title='bbox 171 362 264 439; x_wconf 88' lang='lat' dir='ltr'>pietas</span> <span class='ocrx_word' id='word_1_4' title='bbox 279 365 374 418; x_wconf 90' lang='lat' dir='ltr'>uetat:</span> <span class='ocrx_word' id='word_1_5' title='bbox 392 375 520 437; x_wconf 90' lang='lat' dir='ltr'>namque</span> <span class='ocrx_word' id='word_1_6' title='bbox 535 357 612 417; x_wconf 91' lang='lat' dir='ltr'>istud</span> <span class='ocrx_word' id='word_1_7' title='bbox 630 365 661 417; x_wconf 93' lang='lat' dir='ltr'>ut</span> <span class='ocrx_word' id='word_1_8' title='bbox 676 357 784 434; x_wconf 90' lang='lat' dir='ltr'>possim</span> <span class='ocrx_word' id='word_1_9' title='bbox 800 357 862 434; x_wconf 89' lang='lat' dir='ltr'>pati</span> 
     </span>
     <span class='ocr_line' id='line_1_3' title="bbox 170 444 805 523; baseline -0.002 -20"><span class='ocrx_word' id='word_1_10' title='bbox 170 462 230 503; x_wconf 89' lang='lat' dir='ltr'>non</span> <span class='ocrx_word' id='word_1_11' title='bbox 245 444 309 521; x_wconf 89' lang='lat' dir='ltr'>ipse</span> <span class='ocrx_word' id='word_1_12' title='bbox 325 450 436 504; x_wconf 84' lang='lat' dir='ltr'>memet</span> <span class='ocrx_word' id='word_1_13' title='bbox 451 449 538 520; x_wconf 81' lang='lat' dir='ltr'>cogat</span> <span class='ocrx_word' id='word_1_14' title='bbox 553 451 582 503; x_wconf 88' lang='lat' dir='ltr'>et</span> <span class='ocrx_word' id='word_1_15' title='bbox 597 460 650 523; x_wconf 86' lang='lat' dir='ltr'>rex</span> <span class='ocrx_word' id='word_1_16' title='bbox 665 449 696 500; x_wconf 90' lang='lat' dir='ltr'>et</span> <span class='ocrx_word' id='word_1_17' title='bbox 709 459 805 502; x_wconf 85' lang='lat' dir='ltr'>socer.</span> 
     </span>
     <span class='ocr_line' id='line_1_4' title="bbox 170 527 850 606; baseline -0.003 -18"><span class='ocrx_word' id='word_1_18' title='bbox 170 528 244 588; x_wconf 91' lang='lat' dir='ltr'>haec</span> <span class='ocrx_word' id='word_1_19' title='bbox 259 545 347 588; x_wconf 89' lang='lat' dir='ltr'>causa</span> <span class='ocrx_word' id='word_1_20' title='bbox 362 529 441 588; x_wconf 87' lang='lat' dir='ltr'>uitae</span> <span class='ocrx_word' id='word_1_21' title='bbox 457 537 503 588; x_wconf 88' lang='lat' dir='ltr'>est</span> <span class='ocrx_word' id='word_1_22' title='bbox 518 527 575 587; x_wconf 89' lang='lat' dir='ltr'>hoc</span> <span class='ocrx_word' id='word_1_23' title='bbox 589 528 704 604; x_wconf 88' lang='lat' dir='ltr'>perusti</span> <span class='ocrx_word' id='word_1_24' title='bbox 719 527 850 606; x_wconf 78' lang='lat' dir='ltr'>pectoris</span> 
     </span>
     <span class='ocr_line' id='line_1_5' title="bbox 171 611 802 690; baseline -0.005 -17"><span class='ocrx_word' id='word_1_25' title='bbox 171 614 251 673; x_wconf 88' lang='lat' dir='ltr'>curis</span> <span class='ocrx_word' id='word_1_26' title='bbox 266 611 457 680; x_wconf 89' lang='lat' dir='ltr'>leuamen,</span> <span class='ocrx_word' id='word_1_27' title='bbox 474 612 579 688; x_wconf 89' lang='lat' dir='ltr'>spiritu</span> <span class='ocrx_word' id='word_1_28' title='bbox 595 612 681 672; x_wconf 85' lang='lat' dir='ltr'>citius</span> <span class='ocrx_word' id='word_1_29' title='bbox 696 629 802 690; x_wconf 87' lang='lat' dir='ltr'>qnoam</span> 
     </span>
     <span class='ocr_line' id='line_1_6' title="bbox 172 694 525 757; baseline -0.003 -1"><span class='ocrx_word' id='word_1_30' title='bbox 172 714 276 757; x_wconf 87' lang='lat' dir='ltr'>carere</span> <span class='ocrx_word' id='word_1_31' title='bbox 291 695 434 757; x_wconf 88' lang='lat' dir='ltr'>membris</span> <span class='ocrx_word' id='word_1_32' title='bbox 450 694 525 756; x_wconf 91' lang='lat' dir='ltr'>luce.</span> 
     </span>
    </p>

    <p class='ocr_par' dir='ltr' id='par_1_3' title="bbox 64 780 894 941">
     <span class='ocr_line' id='line_1_7' title="bbox 64 780 894 864; baseline 0.001 -23"><span class='ocrx_word' id='word_1_33' title='bbox 64 857 67 864; x_wconf 25' lang='grc' dir='ltr'>Ι</span> <span class='ocrx_word' id='word_1_34' title='bbox 170 794 255 842; x_wconf 82' lang='lat' dir='ltr'>unu.</span> <span class='ocrx_word' id='word_1_35' title='bbox 588 780 894 855; x_wconf 77' lang='lat' dir='ltr'>sicgnatosamati</span> 
     </span>
     <span class='ocr_line' id='line_1_8' title="bbox 170 863 880 941; baseline -0.001 -15"><span class='ocrx_word' id='word_1_36' title='bbox 170 865 246 926; x_wconf 88' lang='lat' dir='ltr'>bene</span> <span class='ocrx_word' id='word_1_37' title='bbox 263 875 321 926; x_wconf 87' lang='lat' dir='ltr'>est:</span> <span class='ocrx_word' id='word_1_38' title='bbox 339 873 470 933; x_wconf 89' lang='lat' dir='ltr'>tenetur,</span> <span class='ocrx_word' id='word_1_39' title='bbox 487 863 605 923; x_wconf 90' lang='lat' dir='ltr'>uulneri</span> <span class='ocrx_word' id='word_1_40' title='bbox 619 865 713 941; x_wconf 92' lang='lat' dir='ltr'>patuit</span> <span class='ocrx_word' id='word_1_41' title='bbox 727 863 819 925; x_wconf 87' lang='lat' dir='ltr'>locus.</span> <span class='ocrx_word' id='word_1_42' title='bbox 836 899 880 909; x_wconf 94' lang='lat'>—</span> 
     </span>
    </p>

    <p class='ocr_par' dir='ltr' id='par_1_4' title="bbox 134 947 919 1787">
     <span class='ocr_line' id='line_1_9' title="bbox 134 947 829 1029; baseline -0.004 -18"><span class='ocrx_word' id='word_1_43' title='bbox 134 977 152 1011; x_wconf 87' lang='lat'>0</span> <span class='ocrx_word' id='word_1_44' title='bbox 213 951 357 1026; x_wconf 87' lang='lat' dir='ltr'>Suprema</span> <span class='ocrx_word' id='word_1_45' title='bbox 374 958 454 1009; x_wconf 89' lang='lat' dir='ltr'>certe</span> <span class='ocrx_word' id='word_1_46' title='bbox 471 947 557 1008; x_wconf 90' lang='lat' dir='ltr'>liceat</span> <span class='ocrx_word' id='word_1_47' title='bbox 572 947 731 1008; x_wconf 85' lang='lat' dir='ltr'>abeuntem</span> <span class='ocrx_word' id='word_1_48' title='bbox 747 948 829 1029; x_wconf 86' lang='lat' dir='ltr'>loqui</span> 
     </span>
     <span class='ocr_line' id='line_1_10' title="bbox 171 1031 867 1111; baseline 0 -17"><span class='ocrx_word' id='word_1_49' title='bbox 171 1034 326 1101; x_wconf 87' lang='lat' dir='ltr'>mandata,</span> <span class='ocrx_word' id='word_1_50' title='bbox 343 1032 429 1092; x_wconf 87' lang='lat' dir='ltr'>liceat</span> <span class='ocrx_word' id='word_1_51' title='bbox 444 1032 580 1093; x_wconf 93' lang='lat' dir='ltr'>ultimum</span> <span class='ocrx_word' id='word_1_52' title='bbox 597 1031 764 1111; x_wconf 86' lang='lat' dir='ltr'>amplexum</span> <span class='ocrx_word' id='word_1_53' title='bbox 780 1033 867 1094; x_wconf 85' lang='lat' dir='ltr'>dare:</span> 
     </span>
     <span class='ocr_line' id='line_1_11' title="bbox 170 1116 900 1196; baseline 0.004 -20"><span class='ocrx_word' id='word_1_54' title='bbox 170 1125 286 1196; x_wconf 84' lang='lat' dir='ltr'>gratum</span> <span class='ocrx_word' id='word_1_55' title='bbox 304 1125 347 1177; x_wconf 88' lang='lat' dir='ltr'>est</span> <span class='ocrx_word' id='word_1_56' title='bbox 363 1126 390 1177; x_wconf 91' lang='lat' dir='ltr'>et</span> <span class='ocrx_word' id='word_1_57' title='bbox 406 1116 488 1177; x_wconf 89' lang='lat' dir='ltr'>illud.</span> <span class='ocrx_word' id='word_1_58' title='bbox 519 1135 593 1176; x_wconf 86' lang='lat' dir='ltr'>uoce</span> <span class='ocrx_word' id='word_1_59' title='bbox 609 1118 667 1177; x_wconf 90' lang='lat' dir='ltr'>iam</span> <span class='ocrx_word' id='word_1_60' title='bbox 683 1125 815 1179; x_wconf 83' lang='lat' dir='ltr'>extrema</span> <span class='ocrx_word' id='word_1_61' title='bbox 830 1125 900 1196; x_wconf 93' lang='lat' dir='ltr'>peto</span> 
     </span>
     <span class='ocr_line' id='line_1_12' title="bbox 169 1200 780 1280; baseline -0.002 -19"><span class='ocrx_word' id='word_1_62' title='bbox 169 1220 208 1261; x_wconf 88' lang='lat' dir='ltr'>ne</span> <span class='ocrx_word' id='word_1_63' title='bbox 223 1204 247 1261; x_wconf 91' lang='lat' dir='ltr'>si</span> <span class='ocrx_word' id='word_1_64' title='bbox 264 1221 321 1280; x_wconf 87' lang='lat' dir='ltr'>qua</span> <span class='ocrx_word' id='word_1_65' title='bbox 337 1211 438 1262; x_wconf 89' lang='lat' dir='ltr'>noster</span> <span class='ocrx_word' id='word_1_66' title='bbox 454 1201 560 1262; x_wconf 89' lang='lat' dir='ltr'>dubius</span> <span class='ocrx_word' id='word_1_67' title='bbox 576 1200 679 1261; x_wconf 84' lang='lat' dir='ltr'>effudit</span> <span class='ocrx_word' id='word_1_68' title='bbox 694 1200 780 1263; x_wconf 88' lang='lat' dir='ltr'>dolor</span> 
     </span>
     <span class='ocr_line' id='line_1_13' title="bbox 170 1284 813 1348; baseline -0.002 -2"><span class='ocrx_word' id='word_1_69' title='bbox 170 1294 309 1348; x_wconf 87' lang='lat' dir='ltr'>maneant</span> <span class='ocrx_word' id='word_1_70' title='bbox 324 1287 353 1346; x_wconf 95' lang='lat' dir='ltr'>in</span> <span class='ocrx_word' id='word_1_71' title='bbox 369 1287 466 1346; x_wconf 87' lang='lat' dir='ltr'>animo</span> <span class='ocrx_word' id='word_1_72' title='bbox 482 1286 583 1346; x_wconf 89' lang='lat' dir='ltr'>uerba.</span> <span class='ocrx_word' id='word_1_73' title='bbox 615 1284 746 1347; x_wconf 86' lang='lat' dir='ltr'>melioris</span> <span class='ocrx_word' id='word_1_74' title='bbox 761 1285 813 1346; x_wconf 88' lang='lat' dir='ltr'>tibi</span> 
     </span>
     <span class='ocr_line' id='line_1_14' title="bbox 169 1370 803 1440; baseline 0 -9"><span class='ocrx_word' id='word_1_75' title='bbox 169 1372 313 1432; x_wconf 87' lang='lat' dir='ltr'>memoria</span> <span class='ocrx_word' id='word_1_76' title='bbox 331 1372 424 1430; x_wconf 87' lang='lat' dir='ltr'>nostri</span> <span class='ocrx_word' id='word_1_77' title='bbox 438 1370 554 1440; x_wconf 81' lang='lat' dir='ltr'>sedeat,</span> <span class='ocrx_word' id='word_1_78' title='bbox 571 1370 644 1431; x_wconf 86' lang='lat' dir='ltr'>haec</span> <span class='ocrx_word' id='word_1_79' title='bbox 660 1371 721 1431; x_wconf 85' lang='lat' dir='ltr'>irae</span> <span class='ocrx_word' id='word_1_80' title='bbox 736 1370 803 1431; x_wconf 88' lang='lat' dir='ltr'>data</span> 
     </span>
     <span class='ocr_line' id='line_1_15' title="bbox 170 1454 390 1516; baseline 0.009 -2"><span class='ocrx_word' id='word_1_81' title='bbox 170 1454 390 1516; x_wconf 78' lang='lat' dir='ltr'>oblitterentur.</span> 
     </span>
     <span class='ocr_line' id='line_1_16' title="bbox 169 1538 799 1618; baseline 0.003 -20"><span class='ocrx_word' id='word_1_82' title='bbox 169 1552 235 1599; x_wconf 79' lang='lat' dir='ltr'>ras.</span> <span class='ocrx_word' id='word_1_83' title='bbox 419 1541 516 1598; x_wconf 88' lang='lat' dir='ltr'>omnia</span> <span class='ocrx_word' id='word_1_84' title='bbox 532 1558 567 1599; x_wconf 91' lang='lat' dir='ltr'>ex</span> <span class='ocrx_word' id='word_1_85' title='bbox 585 1541 683 1600; x_wconf 87' lang='lat' dir='ltr'>animo</span> <span class='ocrx_word' id='word_1_86' title='bbox 700 1538 799 1618; x_wconf 82' lang='lat' dir='ltr'>expuli</span> 
     </span>
     <span class='ocr_line' id='line_1_17' title="bbox 169 1624 919 1704; baseline 0.003 -22"><span class='ocrx_word' id='word_1_87' title='bbox 169 1642 336 1703; x_wconf 81' lang='lat' dir='ltr'>precorque</span> <span class='ocrx_word' id='word_1_88' title='bbox 352 1631 381 1684; x_wconf 88' lang='lat' dir='ltr'>et</span> <span class='ocrx_word' id='word_1_89' title='bbox 394 1626 458 1700; x_wconf 86' lang='lat' dir='ltr'>ipsa</span> <span class='ocrx_word' id='word_1_90' title='bbox 476 1624 623 1684; x_wconf 84' lang='lat' dir='ltr'>feruidam</span> <span class='ocrx_word' id='word_1_91' title='bbox 637 1630 670 1684; x_wconf 88' lang='lat' dir='ltr'>ut</span> <span class='ocrx_word' id='word_1_92' title='bbox 685 1631 814 1684; x_wconf 86' lang='lat' dir='ltr'>mentem</span> <span class='ocrx_word' id='word_1_93' title='bbox 831 1642 919 1704; x_wconf 82' lang='lat' dir='ltr'>regas</span> 
     </span>
     <span class='ocr_line' id='line_1_18' title="bbox 169 1707 841 1787; baseline 0.004 -21"><span class='ocrx_word' id='word_1_94' title='bbox 169 1707 344 1786; x_wconf 83' lang='lat' dir='ltr'>placideque</span> <span class='ocrx_word' id='word_1_95' title='bbox 359 1715 483 1768; x_wconf 89' lang='lat' dir='ltr'>tractes:</span> <span class='ocrx_word' id='word_1_96' title='bbox 507 1710 640 1768; x_wconf 87' lang='lat' dir='ltr'>miserias</span> <span class='ocrx_word' id='word_1_97' title='bbox 654 1707 729 1769; x_wconf 90' lang='lat' dir='ltr'>lenit</span> <span class='ocrx_word' id='word_1_98' title='bbox 747 1709 841 1787; x_wconf 80' lang='lat' dir='ltr'>quies</span> 
     </span>
    </p>

    <p class='ocr_par' dir='ltr' id='par_1_5' title="bbox 132 1792 957 2207">
     <span class='ocr_line' id='line_1_19' title="bbox 132 1792 957 1868; baseline 0.005 -17"><span class='ocrx_word' id='word_1_99' title='bbox 132 1820 152 1868; x_wconf 83' lang='lat' dir='ltr'>p</span> <span class='ocrx_word' id='word_1_100' title='bbox 213 1805 298 1851; x_wconf 82' lang='lat' dir='ltr'>Mun.</span> <span class='ocrx_word' id='word_1_101' title='bbox 320 1793 468 1853; x_wconf 87' lang='lat' dir='ltr'>Discessit.</span> <span class='ocrx_word' id='word_1_102' title='bbox 498 1795 578 1854; x_wconf 87' lang='lat' dir='ltr'>itane</span> <span class='ocrx_word' id='word_1_103' title='bbox 593 1793 655 1854; x_wconf 84' lang='lat' dir='ltr'>est?</span> <span class='ocrx_word' id='word_1_104' title='bbox 676 1792 883 1855; x_wconf 87' lang='lat' dir='ltr'>uadisoblitus</span> <span class='ocrx_word' id='word_1_105' title='bbox 898 1797 957 1855; x_wconf 88' lang='lat' dir='ltr'>mei</span> 
     </span>
     <span class='ocr_line' id='line_1_20' title="bbox 171 1876 880 1938; baseline 0 -1"><span class='ocrx_word' id='word_1_106' title='bbox 171 1883 199 1937; x_wconf 90' lang='lat' dir='ltr'>et</span> <span class='ocrx_word' id='word_1_107' title='bbox 214 1884 256 1935; x_wconf 91' lang='lat' dir='ltr'>tot</span> <span class='ocrx_word' id='word_1_108' title='bbox 271 1894 406 1937; x_wconf 89' lang='lat' dir='ltr'>meorum</span> <span class='ocrx_word' id='word_1_109' title='bbox 422 1876 606 1937; x_wconf 74' lang='lat' dir='ltr'>facinorum?</span> <span class='ocrx_word' id='word_1_110' title='bbox 629 1877 791 1938; x_wconf 82' lang='lat' dir='ltr'>excidimus</span> <span class='ocrx_word' id='word_1_111' title='bbox 805 1877 880 1937; x_wconf 75' lang='lat' dir='ltr'>tibi?</span> 
     </span>
     <span class='ocr_line' id='line_1_21' title="bbox 170 1960 924 2039; baseline 0.004 -18"><span class='ocrx_word' id='word_1_112' title='bbox 170 1979 330 2039; x_wconf 84' lang='lat' dir='ltr'>numquam</span> <span class='ocrx_word' id='word_1_113' title='bbox 347 1961 524 2021; x_wconf 84' lang='lat' dir='ltr'>excidemus.</span> <span class='ocrx_word' id='word_1_114' title='bbox 555 1960 614 2022; x_wconf 89' lang='lat' dir='ltr'>hoc</span> <span class='ocrx_word' id='word_1_115' title='bbox 629 1979 683 2039; x_wconf 82' lang='lat' dir='ltr'>age</span> <span class='ocrx_word' id='word_1_116' title='bbox 698 1962 795 2020; x_wconf 91' lang='lat' dir='ltr'>omnis</span> <span class='ocrx_word' id='word_1_117' title='bbox 811 1962 924 2024; x_wconf 83' lang='lat' dir='ltr'>adunca</span> 
     </span>
     <span class='ocr_line' id='line_1_22' title="bbox 169 2045 834 2107; baseline -0.002 -2"><span class='ocrx_word' id='word_1_118' title='bbox 169 2048 250 2105; x_wconf 87' lang='lat' dir='ltr'>uires</span> <span class='ocrx_word' id='word_1_119' title='bbox 266 2053 295 2105; x_wconf 93' lang='lat' dir='ltr'>et</span> <span class='ocrx_word' id='word_1_120' title='bbox 310 2054 398 2107; x_wconf 81' lang='lat' dir='ltr'>artes,</span> <span class='ocrx_word' id='word_1_121' title='bbox 430 2045 543 2105; x_wconf 87' lang='lat' dir='ltr'>fructus</span> <span class='ocrx_word' id='word_1_122' title='bbox 560 2053 603 2106; x_wconf 90' lang='lat' dir='ltr'>est</span> <span class='ocrx_word' id='word_1_123' title='bbox 619 2045 766 2106; x_wconf 88' lang='lat' dir='ltr'>scelerum</span> <span class='ocrx_word' id='word_1_124' title='bbox 782 2045 834 2105; x_wconf 88' lang='lat' dir='ltr'>tihi</span> 
     </span>
     <span class='ocr_line' id='line_1_23' title="bbox 168 2129 894 2207; baseline 0.004 -19"><span class='ocrx_word' id='word_1_125' title='bbox 168 2129 283 2189; x_wconf 91' lang='lat' dir='ltr'>nullum</span> <span class='ocrx_word' id='word_1_126' title='bbox 300 2129 397 2189; x_wconf 90' lang='lat' dir='ltr'>scelus</span> <span class='ocrx_word' id='word_1_127' title='bbox 412 2140 527 2207; x_wconf 89' lang='lat' dir='ltr'>putare.</span> <span class='ocrx_word' id='word_1_128' title='bbox 560 2131 609 2189; x_wconf 88' lang='lat' dir='ltr'>uix</span> <span class='ocrx_word' id='word_1_129' title='bbox 626 2129 722 2190; x_wconf 77' lang='lat' dir='ltr'>fraudi</span> <span class='ocrx_word' id='word_1_130' title='bbox 738 2137 782 2190; x_wconf 90' lang='lat' dir='ltr'>est</span> <span class='ocrx_word' id='word_1_131' title='bbox 795 2129 894 2191; x_wconf 87' lang='lat' dir='ltr'>locus:</span> 
     </span>
    </p>

    <p class='ocr_par' dir='ltr' id='par_1_6' title="bbox 133 2214 933 2628">
     <span class='ocr_line' id='line_1_24' title="bbox 133 2214 933 2292; baseline 0.004 -20"><span class='ocrx_word' id='word_1_132' title='bbox 133 2216 160 2290; x_wconf 66' lang='grc' dir='ltr'>ρ’</span> <span class='ocrx_word' id='word_1_133' title='bbox 193 2214 372 2276; x_wconf 83' lang='lat' dir='ltr'>.&#39;limemur.</span> <span class='ocrx_word' id='word_1_134' title='bbox 405 2214 460 2274; x_wconf 80' lang='lat' dir='ltr'>liac</span> <span class='ocrx_word' id='word_1_135' title='bbox 476 2215 639 2292; x_wconf 83' lang='lat' dir='ltr'>aggredere</span> <span class='ocrx_word' id='word_1_136' title='bbox 656 2232 712 2290; x_wconf 90' lang='lat' dir='ltr'>qua</span> <span class='ocrx_word' id='word_1_137' title='bbox 730 2232 818 2274; x_wconf 91' lang='lat' dir='ltr'>nemo</span> <span class='ocrx_word' id='word_1_138' title='bbox 833 2224 933 2292; x_wconf 89' lang='lat' dir='ltr'>potest</span> 
     </span>
     <span class='ocr_line' id='line_1_25' title="bbox 170 2298 905 2378; baseline 0.003 -20"><span class='ocrx_word' id='word_1_139' title='bbox 170 2300 326 2378; x_wconf 90' lang='lat' dir='ltr'>quicquam</span> <span class='ocrx_word' id='word_1_140' title='bbox 343 2299 456 2359; x_wconf 92' lang='lat' dir='ltr'>timere.</span> <span class='ocrx_word' id='word_1_141' title='bbox 488 2316 588 2375; x_wconf 83' lang='lat' dir='ltr'>perge.</span> <span class='ocrx_word' id='word_1_142' title='bbox 619 2317 700 2358; x_wconf 91' lang='lat' dir='ltr'>nunc</span> <span class='ocrx_word' id='word_1_143' title='bbox 715 2298 790 2359; x_wconf 87' lang='lat' dir='ltr'>aude</span> <span class='ocrx_word' id='word_1_144' title='bbox 805 2300 905 2377; x_wconf 88' lang='lat' dir='ltr'>incipe</span> 
     </span>
     <span class='ocr_line' id='line_1_26' title="bbox 169 2382 897 2462; baseline 0.003 -20"><span class='ocrx_word' id='word_1_145' title='bbox 169 2382 310 2462; x_wconf 88' lang='lat' dir='ltr'>quicquid</span> <span class='ocrx_word' id='word_1_146' title='bbox 327 2390 422 2460; x_wconf 89' lang='lat' dir='ltr'>potest</span> <span class='ocrx_word' id='word_1_147' title='bbox 437 2382 539 2442; x_wconf 86' lang='lat' dir='ltr'>Medea</span> <span class='ocrx_word' id='word_1_148' title='bbox 556 2383 694 2462; x_wconf 90' lang='lat' dir='ltr'>quicquid</span> <span class='ocrx_word' id='word_1_149' title='bbox 713 2401 773 2443; x_wconf 95' lang='lat' dir='ltr'>non</span> <span class='ocrx_word' id='word_1_150' title='bbox 788 2391 897 2461; x_wconf 88' lang='lat' dir='ltr'>potest.</span> 
     </span>
     <span class='ocr_line' id='line_1_27' title="bbox 171 2466 717 2527; baseline 0.004 -2"><span class='ocrx_word' id='word_1_151' title='bbox 171 2473 201 2526; x_wconf 91' lang='lat' dir='ltr'>tu</span> <span class='ocrx_word' id='word_1_152' title='bbox 218 2466 274 2526; x_wconf 85' lang='lat' dir='ltr'>fida</span> <span class='ocrx_word' id='word_1_153' title='bbox 291 2468 390 2527; x_wconf 91' lang='lat' dir='ltr'>nutrix</span> <span class='ocrx_word' id='word_1_154' title='bbox 406 2468 485 2526; x_wconf 88' lang='lat' dir='ltr'>socia</span> <span class='ocrx_word' id='word_1_155' title='bbox 502 2468 644 2526; x_wconf 88' lang='lat' dir='ltr'>maeroris</span> <span class='ocrx_word' id='word_1_156' title='bbox 659 2469 717 2527; x_wconf 91' lang='lat' dir='ltr'>mei</span> 
     </span>
     <span class='ocr_line' id='line_1_28' title="bbox 171 2551 801 2628; baseline 0.003 -19"><span class='ocrx_word' id='word_1_157' title='bbox 171 2552 306 2628; x_wconf 88' lang='lat' dir='ltr'>uariique</span> <span class='ocrx_word' id='word_1_158' title='bbox 322 2569 407 2611; x_wconf 88' lang='lat' dir='ltr'>casus</span> <span class='ocrx_word' id='word_1_159' title='bbox 423 2553 530 2612; x_wconf 87' lang='lat' dir='ltr'>misera</span> <span class='ocrx_word' id='word_1_160' title='bbox 547 2551 668 2611; x_wconf 86' lang='lat' dir='ltr'>consilia</span> <span class='ocrx_word' id='word_1_161' title='bbox 684 2552 801 2611; x_wconf 89' lang='lat' dir='ltr'>adiuua.</span> 
     </span>
    </p>

    <p class='ocr_par' dir='ltr' id='par_1_7' title="bbox 133 2635 990 2881">
     <span class='ocr_line' id='line_1_29' title="bbox 133 2635 990 2711; baseline -0.001 -17"><span class='ocrx_word' id='word_1_162' title='bbox 133 2635 160 2694; x_wconf 87' lang='lat'>0&#39;</span> <span class='ocrx_word' id='word_1_163' title='bbox 215 2635 266 2694; x_wconf 86' lang='lat' dir='ltr'>Est</span> <span class='ocrx_word' id='word_1_164' title='bbox 282 2635 358 2711; x_wconf 89' lang='lat' dir='ltr'>palla</span> <span class='ocrx_word' id='word_1_165' title='bbox 374 2636 460 2696; x_wconf 84' lang='lat' dir='ltr'>nobis</span> <span class='ocrx_word' id='word_1_166' title='bbox 476 2653 582 2696; x_wconf 89' lang='lat' dir='ltr'>munus</span> <span class='ocrx_word' id='word_1_167' title='bbox 598 2636 762 2696; x_wconf 85' lang='lat' dir='ltr'>aetherium</span> <span class='ocrx_word' id='word_1_168' title='bbox 778 2636 885 2697; x_wconf 88' lang='lat' dir='ltr'>domus</span> <span class='ocrx_word' id='word_1_169' title='bbox 985 2684 990 2693; x_wconf 87' lang='lat'>.</span> 
     </span>
     <span class='ocr_line' id='line_1_30' title="bbox 169 2718 779 2799; baseline 0.003 -22"><span class='ocrx_word' id='word_1_170' title='bbox 169 2718 319 2796; x_wconf 87' lang='lat' dir='ltr'>decusque</span> <span class='ocrx_word' id='word_1_171' title='bbox 335 2722 418 2797; x_wconf 82' lang='lat' dir='ltr'>regni</span> <span class='ocrx_word' id='word_1_172' title='bbox 435 2721 541 2799; x_wconf 88' lang='lat' dir='ltr'>pignus</span> <span class='ocrx_word' id='word_1_173' title='bbox 556 2722 663 2780; x_wconf 76' lang='lat' dir='ltr'>Aeetae</span> <span class='ocrx_word' id='word_1_174' title='bbox 679 2720 779 2781; x_wconf 87' lang='lat' dir='ltr'>datum</span> 
     </span>
     <span class='ocr_line' id='line_1_31' title="bbox 168 2802 720 2881; baseline 0.002 -19"><span class='ocrx_word' id='word_1_175' title='bbox 168 2822 184 2862; x_wconf 90' lang='lat' dir='ltr'>a</span> <span class='ocrx_word' id='word_1_176' title='bbox 201 2802 269 2863; x_wconf 89' lang='lat' dir='ltr'>Sole</span> <span class='ocrx_word' id='word_1_177' title='bbox 285 2806 418 2881; x_wconf 84' lang='lat' dir='ltr'>generis,</span> <span class='ocrx_word' id='word_1_178' title='bbox 435 2816 479 2864; x_wconf 89' lang='lat' dir='ltr'>est</span> <span class='ocrx_word' id='word_1_179' title='bbox 494 2812 522 2863; x_wconf 91' lang='lat' dir='ltr'>et</span> <span class='ocrx_word' id='word_1_180' title='bbox 538 2822 611 2865; x_wconf 84' lang='lat' dir='ltr'>auro</span> <span class='ocrx_word' id='word_1_181' title='bbox 626 2806 720 2865; x_wconf 87' lang='lat' dir='ltr'>textili</span> 
     </span>
    </p>
   </div>
   <div class='ocr_carea' id='block_1_3' title="bbox 165 3019 1163 3560">
    <p class='ocr_par' dir='ltr' id='par_1_8' title="bbox 165 3019 1163 3560">
     <span class='ocr_line' id='line_1_32' title="bbox 236 3019 1076 3089; baseline -0.002 -18"><span class='ocrx_word' id='word_1_182' title='bbox 236 3025 285 3072; x_wconf 81' lang='grc'>548</span> <span class='ocrx_word' id='word_1_183' title='bbox 303 3023 376 3071; x_wconf 79' lang='lat' dir='ltr'>haud</span> <span class='ocrx_word' id='word_1_184' title='bbox 395 3038 502 3085; x_wconf 87' lang='lat' dir='ltr'>possum</span> <span class='ocrx_word' id='word_1_185' title='bbox 523 3024 545 3071; x_wconf 99' lang='lat' dir='ltr'><em>A</em></span> <span class='ocrx_word' id='word_1_186' title='bbox 565 3027 596 3071; x_wconf 90' lang='lat' dir='ltr'>nt</span> <span class='ocrx_word' id='word_1_187' title='bbox 613 3025 714 3086; x_wconf 80' lang='lat' dir='ltr'>possim</span> <span class='ocrx_word' id='word_1_188' title='bbox 733 3019 1076 3089; x_wconf 72' lang='lat' dir='ltr'>E11549n0naiipseA</span> 
     </span>
     <span class='ocr_line' id='line_1_33' title="bbox 168 3086 1078 3157; baseline 0 -21"><span class='ocrx_word' id='word_1_189' title='bbox 168 3104 222 3137; x_wconf 89' lang='lat' dir='ltr'>non</span> <span class='ocrx_word' id='word_1_190' title='bbox 241 3090 301 3152; x_wconf 89' lang='lat' dir='ltr'>ipse</span> <span class='ocrx_word' id='word_1_191' title='bbox 318 3090 344 3138; x_wconf 84' lang='lat' dir='ltr'><em>E</em></span> <span class='ocrx_word' id='word_1_192' title='bbox 360 3086 371 3155; x_wconf 81' lang='grc' dir='ltr'>Η</span> <span class='ocrx_word' id='word_1_193' title='bbox 388 3092 437 3139; x_wconf 76' lang='grc'>552</span> <span class='ocrx_word' id='word_1_194' title='bbox 457 3091 481 3138; x_wconf 83' lang='lat' dir='ltr'>si</span> <span class='ocrx_word' id='word_1_195' title='bbox 500 3089 545 3138; x_wconf 89' lang='lat' dir='ltr'>hic</span> <span class='ocrx_word' id='word_1_196' title='bbox 564 3095 646 3139; x_wconf 82' lang='lat' dir='ltr'>natos</span> <span class='ocrx_word' id='word_1_197' title='bbox 663 3092 690 3141; x_wconf 89' lang='lat' dir='ltr'><em>A</em></span> <span class='ocrx_word' id='word_1_198' title='bbox 708 3091 833 3155; x_wconf 78' lang='lat' dir='ltr'>signatos</span> <span class='ocrx_word' id='word_1_199' title='bbox 851 3091 877 3139; x_wconf 88' lang='lat' dir='ltr'><em>E</em></span> <span class='ocrx_word' id='word_1_200' title='bbox 893 3088 906 3157; x_wconf 87' lang='grc' dir='ltr'>ΙΙ</span> <span class='ocrx_word' id='word_1_201' title='bbox 922 3094 973 3144; x_wconf 82' lang='grc'>556</span> <span class='ocrx_word' id='word_1_202' title='bbox 991 3090 1078 3141; x_wconf 87' lang='lat' dir='ltr'>melior</span> 
     </span>
     <span class='ocr_line' id='line_1_34' title="bbox 167 3144 1148 3224; baseline 0.003 -21"><span class='ocrx_word' id='word_1_203' title='bbox 167 3144 1148 3224; x_wconf 31' lang='lat' dir='ltr'>ammmwmmmmmmm1</span> 
     </span>
     <span class='ocr_line' id='line_1_35' title="bbox 167 3220 1078 3291; baseline 0.001 -19"><span class='ocrx_word' id='word_1_204' title='bbox 167 3224 266 3273; x_wconf 84' lang='lat' dir='ltr'>sedeat</span> <span class='ocrx_word' id='word_1_205' title='bbox 284 3224 308 3273; x_wconf 88' lang='lat' dir='ltr'><em>E</em></span> <span class='ocrx_word' id='word_1_206' title='bbox 328 3220 340 3290; x_wconf 73' lang='lat' dir='ltr'>{l</span> <span class='ocrx_word' id='word_1_207' title='bbox 360 3226 409 3273; x_wconf 84' lang='grc'>561</span> <span class='ocrx_word' id='word_1_208' title='bbox 427 3224 488 3288; x_wconf 80' lang='lat' dir='ltr'>ipae</span> <span class='ocrx_word' id='word_1_209' title='bbox 507 3224 556 3288; x_wconf 79' lang='grc' dir='ltr'>Εψ</span> <span class='ocrx_word' id='word_1_210' title='bbox 575 3226 635 3289; x_wconf 86' lang='lat' dir='ltr'>ipsa</span> <span class='ocrx_word' id='word_1_211' title='bbox 653 3227 678 3274; x_wconf 90' lang='lat' dir='ltr'><em>A</em></span> <span class='ocrx_word' id='word_1_212' title='bbox 699 3221 711 3291; x_wconf 77' lang='lat' dir='ltr'>ll</span> <span class='ocrx_word' id='word_1_213' title='bbox 731 3227 782 3277; x_wconf 90' lang='grc'>565</span> <span class='ocrx_word' id='word_1_214' title='bbox 800 3227 913 3276; x_wconf 81' lang='lat' dir='ltr'>excides</span> <span class='ocrx_word' id='word_1_215' title='bbox 932 3227 958 3276; x_wconf 91' lang='grc' dir='ltr'><em>Ε</em></span> <span class='ocrx_word' id='word_1_216' title='bbox 977 3225 1078 3277; x_wconf 81' lang='lat' dir='ltr'>excide·</span> 
     </span>
     <span class='ocr_line' id='line_1_36' title="bbox 166 3287 1080 3359; baseline 0.001 -18"><span class='ocrx_word' id='word_1_217' title='bbox 166 3307 226 3342; x_wconf 88' lang='lat' dir='ltr'>mus</span> <span class='ocrx_word' id='word_1_218' title='bbox 239 3292 264 3342; x_wconf 85' lang='lat' dir='ltr'><em>A</em></span> <span class='ocrx_word' id='word_1_219' title='bbox 276 3288 288 3359; x_wconf 87' lang='grc' dir='ltr'>ΙΙ</span> <span class='ocrx_word' id='word_1_220' title='bbox 301 3294 350 3343; x_wconf 85' lang='grc'>568</span> <span class='ocrx_word' id='word_1_221' title='bbox 382 3307 445 3341; x_wconf 84' lang='lat' dir='ltr'>uam</span> <span class='ocrx_word' id='word_1_222' title='bbox 459 3308 477 3341; x_wconf 83' lang='lat' dir='ltr'>u</span> <span class='ocrx_word' id='word_1_223' title='bbox 491 3290 556 3356; x_wconf 84' lang='lat' dir='ltr'>(qua</span> <span class='ocrx_word' id='word_1_224' title='bbox 569 3295 621 3345; x_wconf 83' lang='lat' dir='ltr'>ind.</span> <span class='ocrx_word' id='word_1_225' title='bbox 634 3292 698 3359; x_wconf 85' lang='lat' dir='ltr'>err.)</span> <span class='ocrx_word' id='word_1_226' title='bbox 712 3290 723 3359; x_wconf 89' lang='grc' dir='ltr'>ΙΙ</span> <span class='ocrx_word' id='word_1_227' title='bbox 740 3295 919 3358; x_wconf 79' lang='lat' dir='ltr'>570poteoA</span> <span class='ocrx_word' id='word_1_228' title='bbox 932 3287 1080 3359; x_wconf 70' lang='lat' dir='ltr'>potentii!</span> 
     </span>
     <span class='ocr_line' id='line_1_37' title="bbox 165 3307 1163 3426; baseline 0 -18"><span class='ocrx_word' id='word_1_229' title='bbox 165 3360 266 3410; x_wconf 86' lang='lat' dir='ltr'>Medea</span> <span class='ocrx_word' id='word_1_230' title='bbox 279 3307 380 3424; x_wconf 40' lang='lat' dir='ltr'>ambli</span> <span class='ocrx_word' id='word_1_231' title='bbox 393 3363 471 3422; x_wconf 88' lang='lat' dir='ltr'>potes</span> <span class='ocrx_word' id='word_1_232' title='bbox 485 3362 510 3409; x_wconf 92' lang='lat' dir='ltr'><em>A</em></span> <span class='ocrx_word' id='word_1_233' title='bbox 524 3365 616 3424; x_wconf 82' lang='lat' dir='ltr'>potest</span> <span class='ocrx_word' id='word_1_234' title='bbox 625 3360 650 3409; x_wconf 93' lang='grc' dir='ltr'><em>Ε</em></span> <span class='ocrx_word' id='word_1_235' title='bbox 660 3356 673 3426; x_wconf 82' lang='lat' dir='ltr'>ll</span> <span class='ocrx_word' id='word_1_236' title='bbox 685 3364 734 3412; x_wconf 81' lang='grc'>573</span> <span class='ocrx_word' id='word_1_237' title='bbox 747 3361 861 3412; x_wconf 82' lang='lat' dir='ltr'>etheree</span> <span class='ocrx_word' id='word_1_238' title='bbox 872 3369 897 3424; x_wconf 71' lang='grc' dir='ltr'>ψ</span> <span class='ocrx_word' id='word_1_239' title='bbox 910 3363 1052 3414; x_wconf 73' lang='lat' dir='ltr'>aetheriae</span> <span class='ocrx_word' id='word_1_240' title='bbox 1063 3373 1080 3408; x_wconf 78' lang='lat' dir='ltr'>u</span> <span class='ocrx_word' id='word_1_241' title='bbox 1161 3389 1163 3400; x_wconf 81' lang='lat'><em>-</em></span> 
     </span>
     <span class='ocr_line' id='line_1_38' title="bbox 168 3422 1081 3494; baseline 0.005 -20"><span class='ocrx_word' id='word_1_242' title='bbox 168 3429 320 3477; x_wconf 84' lang='lat' dir='ltr'>aetherium</span> <span class='ocrx_word' id='word_1_243' title='bbox 339 3427 364 3475; x_wconf 93' lang='grc' dir='ltr'><em>Ε</em></span> <span class='ocrx_word' id='word_1_244' title='bbox 387 3424 399 3493; x_wconf 75' lang='lat' dir='ltr'>{l</span> <span class='ocrx_word' id='word_1_245' title='bbox 422 3429 473 3476; x_wconf 80' lang='grc'>574</span> <span class='ocrx_word' id='word_1_246' title='bbox 491 3433 552 3476; x_wconf 87' lang='lat' dir='ltr'>oete</span> <span class='ocrx_word' id='word_1_247' title='bbox 570 3431 612 3478; x_wconf 84' lang='lat' dir='ltr'>uel</span> <span class='ocrx_word' id='word_1_248' title='bbox 632 3429 758 3494; x_wconf 74' lang='lat' dir='ltr'>oethep</span> <span class='ocrx_word' id='word_1_249' title='bbox 781 3429 888 3479; x_wconf 77' lang='lat' dir='ltr'>aetoli</span> <span class='ocrx_word' id='word_1_250' title='bbox 915 3431 1024 3481; x_wconf 67' lang='lat' dir='ltr'>Aeetae</span> <span class='ocrx_word' id='word_1_251' title='bbox 1040 3422 1081 3491; x_wconf 74' lang='lat' dir='ltr'>al</span> 
     </span>
     <span class='ocr_line' id='line_1_39' title="bbox 166 3491 604 3560; baseline 0.009 -20"><span class='ocrx_word' id='word_1_252' title='bbox 166 3495 217 3542; x_wconf 77' lang='grc' dir='ltr'>5ἵ5</span> <span class='ocrx_word' id='word_1_253' title='bbox 236 3495 350 3557; x_wconf 80' lang='lat' dir='ltr'>gemmis</span> <span class='ocrx_word' id='word_1_254' title='bbox 370 3497 394 3543; x_wconf 95' lang='lat' dir='ltr'><em>A</em></span> <span class='ocrx_word' id='word_1_255' title='bbox 414 3497 525 3558; x_wconf 74' lang='lat' dir='ltr'>generis</span> <span class='ocrx_word' id='word_1_256' title='bbox 543 3495 569 3544; x_wconf 92' lang='grc' dir='ltr'><em>Ε</em></span> <span class='ocrx_word' id='word_1_257' title='bbox 592 3491 604 3560; x_wconf 80' lang='lat' dir='ltr'>fl</span> 
     </span>
    </p>
   </div>
   <div class='ocr_carea' id='block_1_4' title="bbox 0 0 1168 3922">
    <p class='ocr_par' dir='ltr' id='par_1_9' title="bbox 0 0 1168 3922">
     <span class='ocr_line' id='line_1_40' title="bbox 0 0 1168 3922; baseline 0 1"><span class='ocrx_word' id='word_1_258' title='bbox 0 0 1168 3922; x_wconf 95' lang='lat' dir='ltr'> </span> 
     </span>
    </p>
   </div>
  </div>
 </body>
</html>
