2326 3922
174 204 241 269 402
565 218 708 266 rucssm

177 361 330 420 ‘resistite’
347 360 458 434 inquit:
482 362 558 417 ‘non
576 359 658 418 luror
674 365 802 418 mentem
819 359 954 430 abstulit,
1036 401 1044 417 .

177 445 280 504 lurore
296 445 416 521 grauius
432 444 509 502 istud
526 450 612 521 atque
629 445 672 503 ira
689 442 797 503 malum
814 450 867 505 est.

177 530 208 588 in
225 548 273 588 me
287 532 369 588 iuuat
385 531 525 587 saeuire?
556 530 607 587 uix
622 534 735 604 pestem
752 527 863 589 indicat

178 621 207 674 et
222 615 330 674 saeuit:
355 620 437 672 artus
453 614 516 690 ipse
533 611 674 674 dilacerat
689 631 759 672 suos

178 706 207 758 et
222 697 357 758 membra
374 704 455 757 uasta
472 697 567 774 carpit
582 696 715 757 auellens
731 715 837 758 manu:

177 801 288 843 exuere
304 783 429 841 amictus
444 783 570 859 quaerit.
603 782 660 841 hoc
676 781 772 842 solum
788 783 947 844 Herculem

177 886 238 928 rmu
254 885 341 944 posse
358 866 435 936 uidi,
453 867 573 926 trahere
589 875 713 926 conatus
727 874 827 927 tamen

177 960 207 1012 et
221 951 355 1011 membra
371 952 473 1010 traxit:
499 953 634 1030 corporis
649 950 724 1027 palla
741 951 856 1011 horridi

175 1055 245 1114 pars
261 1043 305 1095 est
321 1042 350 1094 ct
365 1036 458 1113 ipsam
474 1038 605 1097 uestibus
622 1039 725 1096 miscet
741 1044 849 1096 cutem.

175 1139 232 1180 uec
248 1137 336 1180 causa
352 1119 433 1179 dirae
450 1118 540 1179 cladis
556 1121 586 1179 in
605 1119 702 1180 medio
718 1126 815 1199 patet,

176 1205 228 1266 sed
246 1223 333 1265 causa
350 1212 447 1263 tamen
465 1212 517 1264 est.
549 1207 660 1281 uirque
676 1205 827 1265 sullicieus
843 1204 920 1265 mals

174 1309 255 1351 nunc
272 1308 323 1349 cre
340 1296 450 1349 terram
467 1287 625 1366 languidus
640 1307 736 1367 prono
752 1291 877 1367 premit,

174 1394 254 1436 nuuc
272 1375 368 1452 poscit
383 1372 492 1440 undas,
510 1373 589 1434 unda
605 1391 662 1432 non
679 1375 771 1434 uincit
786 1373 904 1434 malum.

174 1460 330 1519 fluctisona
347 1459 462 1534 quaerit
477 1456 563 1518 litora
580 1465 609 1518 et
624 1466 746 1536 pontum
763 1465 902 1538 occupat:
975 1463 1118 1515 acmxxvtt

174 1543 329 1604 famularis
344 1542 425 1602 illum
442 1544 550 1604 retinet
565 1550 715 1623 errantem
732 1561 847 1604 manus.
1086 1548 1117 1597 tlt

173 1636 304 1687 DEJAN.
323 1647 340 1687 ο
356 1635 467 1688 sortem
483 1626 632 1688 acerbam.
663 1629 773 1688 luimus
788 1627 907 1688 Alcidae
923 1646 1016 1707 pares.

174 1719 268 1770 ΗΠ.
286 1729 364 1770 nunc
379 1713 487 1791 puppis
503 1712 583 1772 illum
600 1711 687 1772 litore
703 1711 827 1773 euboico
843 1712 937 1773 refert

174 1803 333 1873 austerque
348 1795 423 1856 lenis
438 1797 554 1874 pondus
569 1797 742 1857 herculeum
759 1799 845 1877 rapit.

173 1893 294 1940 Duram.
313 1882 443 1940 destituit
458 1884 573 1941 animus
589 1881 732 1950 membra,
750 1899 808 1941 rmr
825 1881 927 1943 oculos
942 1883 1048 1963 premit.
1070 1883 1119 1943 „tlt

173 1965 243 2042 quid
260 1967 357 2025 anime
374 1967 489 2026 cessas?
513 1966 581 2043 quid
598 1966 718 2044 stupes?
741 1966 852 2026 lactum
869 1975 915 2027 est
929 1966 1029 2028 scelus.

171 2058 274 2109 natum
291 2052 420 2127 reposcit
435 2050 568 2129 luppiter
583 2050 656 2109 luno
673 2048 839 2121 aemulum,

171 2135 344 2194 reddendus
360 2134 424 2193 orbi
441 2143 495 2196 est.
525 2135 604 2213 quod
621 2142 705 2213 potes
720 2135 813 2195 redde
829 2135 951 2205 exhibe,

172 2227 219 2278 eat
235 2237 288 2297 per
306 2226 388 2280 artus
404 2219 483 2279 ensis
499 2228 619 2279 exactus
636 2237 726 2280 meos.

171 2305 270 2364 sicsic
286 2304 432 2380 agendum
450 2311 502 2364 cst.
520 2339 562 2350 -
579 2313 637 2363 tam
654 2302 728 2363 leuis
743 2321 854 2380 peenas
871 2323 976 2365 manus
1083 2302 1117 2353 85⁰

171 2392 259 2447 tantis
276 2388 423 2465 reposcit?
447 2388 537 2448 redde
553 2387 726 2447 fulminibus
742 2405 850 2463 precor

173 2491 278 2531 nurum
296 2473 460 2532 scelestam.
492 2491 548 2532 nec
565 2472 625 2533 leui
640 2471 699 2532 telo
715 2489 822 2531 manus

171 2623 343 2685 (membrum)
364 2623 450 2673 multo
468 2625 583 2674 uulnere
604 2624 774 2674 ambesum
790 2625 913 2687 undique
932 2624 980 2688 (sie
992 2626 1015 2675 A
1027 2622 1069 2671 ab·

169 2695 300 2755 ruptum
314 2691 350 2753 E)
363 2686 374 2756 ll
387 2694 436 2741 887
455 2692 590 2742 Desistite
610 2688 655 2756 ΕΙΙ
667 2693 717 2743 828
737 2692 826 2741 ira'st
843 2693 944 2742 malum
964 2693 1050 2742 delrio.
1063 2682 1070 2749 l

168 2760 217 2807 831
237 2759 331 2822 capita
349 2759 457 2809 uellens
475 2760 501 2808 Ε
519 2761 609 2825 carpit
621 2759 747 2808 auellens
760 2759 784 2808 A
797 2755 809 2824 ΙΙ
821 2760 872 2810 835
890 2760 991 2810 Parum
1008 2755 1070 2809 esst·

168 2827 237 2875 Pars
249 2830 291 2875 est
300 2827 324 2874 A
338 2821 350 2890 ll
362 2826 450 2890 ipsam
461 2827 486 2875 E
490 2831 525 2891 p?
537 2830 601 2892 ipsa
612 2828 636 2877 A
649 2823 661 2892 ΙΙ
672 2827 759 2876 uestis
769 2827 908 2877 immiscet
917 2845 939 2877 ω
951 2828 1071 2878 uestibus

167 2894 266 2943 miscet
288 2896 384 2957 scripsi
405 2891 417 2959 [l
441 2896 490 2944 837
514 2896 562 2944 sed
587 2910 674 2944 causa
697 2898 790 2944 tanto
816 2899 857 2944 est
881 2897 989 2959 uisque
1011 2906 1069 2944 sm.

70 2947 74 2960 ⁴
168 2963 243 3011 NHs.
272 2962 377 3026 uisque
396 2968 422 3011 et
441 2963 519 3012 Grec.
540 2965 571 3012 ci.
596 2960 608 3029 Η
631 2962 681 3015 838
699 2963 799 3028 premit
817 2962 843 3010 Ε
869 2963 937 3012 ferit
954 2965 979 3014 A
1002 2959 1071 3029 11840

165 3029 330 3077 Fluctisona
348 3030 374 3078 E
385 3030 460 3079 AER
478 3031 514 3079 Et
532 3035 598 3079 nota
617 3031 641 3079 A
654 3025 728 3096 [1842
745 3030 901 3080 Deianirae
919 3033 991 3090 dedi,
1009 3023 1072 3093 Hylll

166 3102 206 3142 est
224 3113 244 3144 ω
261 3092 273 3160 ΙΙ
291 3097 340 3146 843
358 3098 424 3146 ferit
441 3097 467 3144 Ε
489 3099 582 3147 uehit
602 3099 679 3148 Gran.
704 3099 811 3147 ferens
831 3099 907 3148 NHs.
931 3095 1051 3149 relertA

165 3162 216 3212 845
235 3162 308 3213 ΒΕΙ.
329 3163 354 3210 Ε
372 3166 478 3228 Lipsius
498 3165 545 3226 (ex
557 3164 627 3230 W)
646 3182 692 3216 cm.
705 3167 730 3215 A
743 3161 755 3232 ss
766 3167 817 3217 846
835 3166 911 3220 DEI.
931 3168 955 3217 A
975 3162 1052 3218 crud}

166 3231 272 3279 factum
298 3233 340 3278 est
358 3234 449 3282 scelus
467 3233 493 3281 Ε
505 3235 528 3282 Ε
545 3235 650 3297 Lipsius
668 3233 720 3296 (ex
736 3233 793 3300 m)
825 3239 869 3283 est
887 3251 934 3285 om.
953 3236 978 3285 A
1002 3231 1013 3301 ΙΙ
1033 3230 1074 3282 818

165 3303 256 3363 potest
275 3314 296 3346 ω
315 3305 397 3363 potes
418 3301 496 3350 Gran.
513 3297 524 3366 ΙΙ
542 3302 624 3352 redde
643 3301 668 3350 E
686 3301 764 3350 reddi
783 3302 807 3351 A
826 3297 839 3368 ΙΙ
859 3304 910 3353 849
929 3294 1074 3354 exactcall

166 3372 280 3416 exactus
300 3367 324 3415 A
338 3365 409 3433 11851
429 3369 534 3417 Tantas
554 3369 592 3419 eA
612 3370 705 3419 Tanta
723 3370 746 3417 Il
763 3370 871 3419 Tantis
890 3371 998 3435 Lipsius
1015 3370 1075 3420 Tun

165 3437 197 3482 te
217 3435 291 3483 NHs.
312 3439 375 3485 conl.
391 3436 452 3487 Oed.
472 3439 528 3485 957.
542 3433 554 3501 ll
567 3436 648 3486 redde
667 3437 693 3485 Ε
704 3445 727 3501 ψ
746 3436 812 3486 tolle
832 3438 856 3486 A
876 3438 967 3503 perde
985 3437 1074 3503 liaple·

160 3499 285 3570 lenpiusll
297 3517 395 3571 precor
414 3504 437 3553 Ε
457 3519 535 3555 socer
555 3505 578 3553 A
601 3501 616 3570 ll
1155 3506 1157 3514 ’
