2326 3922
449 197 616 245 PHAEDRA

69 358 141 399 eum
159 339 254 416 prima
271 354 363 415 puras
378 335 469 396 barba
486 337 616 413 signaret
632 355 723 414 genas

66 423 257 501 monstrique
274 434 392 481 caecam
408 423 503 496 gnesii
519 420 595 481 uidit
611 421 730 481 domum

67 516 102 568 et
117 508 203 582 longa
220 523 311 566 curua
327 504 509 581 iila'enllegit
523 507 582 565 uia.

24 594 55 651 d'
118 591 189 661 Quis
204 598 267 650 tum
283 589 331 649 ille
347 588 464 650 fulsit.
494 598 663 668 presserant
678 592 766 649 uittae
783 608 911 659 comam,

69 685 103 736 et
119 693 171 736 ora
186 675 282 735 ssauus
298 681 399 735 tenera
415 673 567 751 tinguebat
582 675 687 751 pudor.

68 764 190 820 inerant
205 759 323 819 lacertis
338 757 476 818 mollibus
492 757 584 818 lortes
600 760 658 818 teri

69 857 199 920 tuaeque
214 842 350 904 Phoebes
367 840 492 902 uultus
507 849 557 903 aut
571 842 684 903 Phoebi
700 845 757 904 mei

68 937 181 990 tuusne
195 930 302 1006 potius.
331 925 398 987 talis
413 944 450 987 en
466 925 532 986 talis
546 929 602 988 luit

70 1031 141 1073 cum
157 1011 267 1091 placuit
280 1011 368 1073 hosti.
398 1014 442 1072 sie
456 1011 523 1071 tulit
538 1010 648 1072 celsum
665 1022 762 1090 eaput.

35 1108 55 1156 d
115 1097 148 1156 ln
164 1105 193 1156 te
209 1097 302 1173 magis
316 1093 485 1173 refulget
499 1096 668 1174 incomptus
684 1097 774 1158 decor

69 1189 102 1242 et
118 1182 235 1258 genitor
249 1182 278 1239 in
294 1187 324 1240 te
338 1188 428 1242 tetus.
459 1187 488 1240 et
502 1188 607 1241 toruae
623 1189 720 1241 tamen

68 1283 142 1344 pars
158 1265 254 1342 aliqua
271 1265 373 1325 matris
388 1265 493 1325 miscet
508 1283 541 1325 ex
559 1283 653 1344 aequo
669 1266 772 1326 decus:

69 1351 103 1410 in
120 1367 172 1409 ore
187 1351 271 1427 graio
287 1349 434 1429 scythicus
450 1356 573 1427 apparet
588 1353 679 1428 rigor.

69 1436 96 1494 si
114 1451 179 1494 cum
196 1442 321 1510 parente
336 1435 478 1495 creticum
494 1435 635 1496 intrasses
651 1435 758 1495 fretum

68 1517 126 1578 tibi
140 1516 187 1578 iila
203 1519 302 1596 petius
316 1527 416 1580 nostra
433 1520 563 1580 uenisset
577 1537 672 1580 soror.

32 1604 60 1662 d'
118 1602 160 1662 'l’e
175 1610 205 1663 te
220 1619 306 1662 soror
321 1620 507 1682 quacumque
522 1603 635 1664 siderea
652 1603 711 1682 poli

70 1689 104 1747 in
119 1694 203 1764 parte
220 1685 343 1764 fulges
358 1689 465 1748 inuoce
481 1688 516 1748 ad
530 1706 652 1752 ‘causam
669 1707 782 1767 parem.

70 1771 179 1832 domus
194 1788 316 1832 sorores
331 1789 389 1832 una
406 1774 549 1851 corripuit
565 1773 645 1834 duas.

69 1864 101 1916 te
117 1857 234 1932 genitor
249 1863 279 1916 at
293 1875 341 1916 me
356 1865 471 1932 gnatus.
502 1876 539 1917 en
555 1857 678 1936 supplex
695 1859 771 1918 iacet

70 1938 190 2016 adlapsa
206 1939 333 2018 genibus
346 1942 446 2019 regiae
461 1941 560 2018 proles
576 1942 691 2002 domus.

69 2041 209 2101 respersa
225 2022 305 2084 nulla
322 2023 388 2084 labe
404 2035 434 2086 et
448 2026 555 2086 intacta
572 2028 724 2086 innocens.

40 2134 56 2168 e
115 2107 181 2168 Tibi
198 2115 298 2191 mutor
313 2111 375 2171 uni.
407 2117 487 2171 certa
503 2110 644 2171 descendi
659 2111 695 2170 ad
711 2129 832 2188 preces:

68 2193 160 2252 linem
176 2193 226 2253 bic
242 2192 337 2253 dolori
352 2195 439 2255 faciet
454 2203 504 2256 aut
519 2196 596 2256 uitae
612 2196 684 2255 dies.

69 2278 214 2338 miserere
229 2279 363 2338 amantis.

68 2374 164 2422 HIPP.
389 2381 496 2442 magne
511 2372 651 2441 regnator
667 2363 770 2434 deum,

70 2455 131 2506 tam
147 2446 246 2506 lentus
261 2447 344 2507 audis
358 2446 489 2508 seelera?
512 2455 571 2508 tam
587 2448 684 2509 lentus
700 2449 799 2508 uides?

44 2540 58 2588 f
114 2530 276 2606 Ecquando
292 2549 379 2592 saeua
396 2531 506 2611 fulmen
524 2535 640 2593 emittes
656 2551 744 2593 manu

69 2617 95 2673 si
111 2632 190 2675 nune
205 2632 345 2676 serenum
362 2617 425 2676 est?
448 2619 544 2677 omnis
560 2616 694 2694 inpulsus
709 2627 774 2677 ruat

68 2810 276 2820 -—...

138 2936 190 2984 660
207 2935 279 2984 flaui
296 2939 328 2986 ci.
347 2935 396 2987 Bo.
414 2933 425 3002 ΙΙ
442 2937 571 3002 tingebat
589 2938 672 2987 rubor
691 2938 714 2986 Α
737 2939 884 3004 tinguebat
901 2937 990 3002 pudor

68 3003 95 3052 E
113 2998 192 3068 [1662
211 3006 314 3053 tuaene
332 3006 374 3054 Αε
392 3008 522 3068 tuaeque
540 3003 590 3056 Bo.
608 3001 685 3070 11663
704 3009 821 3069 tuusque
841 3023 862 3057 ω
879 3010 987 3055 tuusue

71 3070 120 3121 Bo,
133 3077 161 3120 et
173 3069 242 3120 Bad.
256 3087 271 3120 e
283 3073 429 3122 coniectura
441 3074 493 3121 uiri
503 3074 573 3121 docti
590 3074 724 3136 adscripta
735 3090 816 3138 marg.
829 3076 870 3124 ed.
883 3074 986 3126 Febris.

68 3135 148 3203 (quae
167 3139 250 3187 estin
268 3137 325 3188 titt
343 3140 411 3190 uniu.
430 3139 596 3204 Hasniensia)
609 3137 620 3206 ΙΙ
632 3141 682 3190 666
702 3146 754 3190 est
773 3140 824 3205 (uel
842 3139 892 3206 an)
911 3141 988 3207 geni-

67 3211 114 3255 tor
135 3207 169 3255 ei.
187 3205 264 3255 nus,
287 3201 300 3272 [l
322 3211 417 3257 toruus
434 3207 458 3256 Α
487 3211 561 3256 totus
580 3207 645 3257 EM
668 3204 680 3274 ΙΙ
703 3210 752 3259 668
770 3213 850 3274 grato
870 3225 888 3258 α
929 3208 988 3258 raio

68 3273 120 3335 Εψ
139 3267 153 3338 ΙΙ
174 3273 225 3323 670
241 3272 396 3324 neuidisset
412 3274 438 3324 E
457 3270 469 3340 ll
489 3276 537 3325 671
559 3274 662 3325 siderei
679 3276 704 3325 Α
728 3278 844 3342 syderea
862 3277 888 3325 Ε
910 3224 988 3339 ῗ673

67 3340 139 3390 duas
161 3355 233 3390 corr.
251 3356 287 3390 ex
304 3343 379 3391 riuus
399 3338 444 3405 (7)
463 3342 489 3390 Ε
508 3338 520 3407 ΙΙ
541 3344 589 3393 677
609 3345 702 3393 mittor
721 3344 745 3392 Α
764 3348 854 3395 mutor
872 3340 906 3406 el
933 3340 990 3391 dia-

67 3406 153 3457 eendi
172 3408 198 3456 Ε
213 3404 227 3473 ΙΙ
242 3409 292 3458 679
310 3409 447 3459 ΡΗΟΕΙ).
467 3425 566 3474 magne
585 3408 630 3474 m,
649 3414 685 3461 ad
700 3427 747 3476 mg.
766 3412 845 3462 YPP.
863 3406 875 3476 Η
892 3410 940 3459 681
961 3413 989 3459 et

66 3474 182 3538 quando
199 3475 250 3538 Εψ
269 3476 413 3539 ecquando
427 3493 446 3526 α
458 3473 469 3542 ΙΙ
483 3479 592 3528 emittes
608 3479 629 3528 Α
649 3480 752 3529 emittis
770 3478 795 3526 Ε
817 3473 829 3542 ll
