2326 3922
139 248 204 313 36⁴2
527 258 671 306 monam

184 415 282 463 curn.
308 401 436 462 Consors
451 398 554 479 pericli
570 401 681 478 pariter
696 416 730 459 ac
745 398 832 474 regni
848 399 910 459 mei

141 485 280 563 Aegisthe
295 486 430 560 gradere.
462 492 549 562 gnata
564 486 746 562 genetricem
762 484 842 560 inpie

143 569 261 649 probris
277 568 408 639 lacessit,
426 567 533 628 occulit
548 568 669 629 fratrem
685 568 828 629 abditum.

142 667 223 714 auc.
240 653 398 714 furibunda
415 654 499 730 uirgo
514 654 598 714 uocis
613 654 750 714 inlandae
766 669 872 713 sonum

144 747 172 800 et
188 757 259 799 aure
274 737 366 798 uerba
382 738 501 814 indigna
519 745 651 798 materna
668 738 813 816 opprime.

186 837 241 883 nn.
264 823 357 882 Etiam
375 821 506 882 monebit
521 821 642 882 sceleris
657 821 770 898 inlandi
785 820 892 882 artifex

144 928 198 988 per
213 907 324 969 scelera
340 916 426 967 natus
442 924 550 968 nomen
567 907 737 984 ambiguum
753 907 814 966 suis

143 995 222 1054 idem
239 994 350 1052 sororis
365 998 470 1069 gnatus
486 1000 515 1051 et
530 993 623 1070 patris
638 991 749 1068 nepos?

143 1091 243 1138 curu.
262 1076 398 1153 Aegisthe
415 1094 512 1136 cessas
528 1077 640 1152 inpium
657 1076 736 1135 ierro
754 1081 842 1151 capnt

144 1162 313 1222 demetere?
336 1162 457 1220 fratrem
474 1161 579 1221 reddat
595 1168 645 1220 aut
660 1161 788 1220 animam
804 1161 912 1220 statim.
1086 1166 1140 1215 1045

186 1259 241 1304 nn.
266 1246 400 1306 Concede
416 1253 551 1306 mortem.
1085 1249 1138 1300 1052

144 1343 224 1390 auc.
598 1330 623 1389 si
638 1347 793 1389 recusares
809 1329 924 1389 darem.

144 1416 227 1475 rudis
245 1424 288 1474 est
302 1423 445 1492 tyrannus
461 1421 555 1474 rnorte
571 1414 623 1493 qui
638 1431 765 1491 poenam
781 1414 880 1491 exigit.

144 1512 198 1557 nn.
217 1507 342 1558 mortem
360 1498 466 1576 aliquid
483 1498 560 1558 ultra
577 1499 638 1558 est?

144 1595 225 1643 nnc.
669 1584 743 1651 uita,
760 1583 785 1642 si
800 1583 902 1661 cupias
918 1584 1009 1644 mori.

187 1666 321 1745 Abripite
337 1666 436 1726 lamuli
453 1676 617 1727 monstrum
635 1674 665 1727 et
680 1675 812 1728 auectam
829 1667 938 1745 procul

145 1751 221 1811 ultra
238 1752 374 1829 Mycenas
389 1751 491 1811 ultimo
507 1754 536 1811 in
553 1753 638 1830 regni
653 1751 761 1828 angulo

146 1837 257 1895 uincite
271 1842 401 1912 saeptam
418 1843 505 1896 nocte
520 1836 670 1896 tenebrosi
686 1854 807 1914 specus,

146 1931 178 1979 ut
194 1922 353 1998 inquietam
368 1921 513 1997 uirginem
531 1938 633 1981 carcer
649 1920 758 1981 domet.

189 2004 328 2064 Abstrusa
346 2023 434 2065 caeco
451 2023 572 2066 carcere
589 2014 618 2066 et
633 2023 703 2066 saxo
720 2007 816 2081 exigat

144 2106 253 2148 aeuum
271 2095 299 2148 et
314 2106 367 2165 per
382 2107 484 2149 ornnes
499 2096 576 2150 torta
592 2108 756 2169 poenarum
771 2090 885 2149 modos.

147 2173 260 2232 relerre
277 2191 363 2249 quern
381 2191 461 2233 nunc
476 2173 585 2234 occulit
600 2175 697 2234 forsan
716 2172 795 2234 uolet

147 2259 232 2335 inops
249 2275 338 2334 egens
354 2257 465 2318 inclusa
482 2258 610 2334 paedore
625 2257 741 2318 obruta.

147 2343 235 2401 uidua
253 2351 319 2402 ante
334 2341 478 2402 thalamos
495 2342 562 2402 exrrl
576 2344 670 2402 inuisa
687 2341 823 2402 omnibus

146 2427 266 2487 aethere
283 2435 388 2503 negato
403 2443 470 2486 sero
486 2427 660 2488 succumbet
674 2425 768 2487 malis.

189 2524 286 2570 ccxx.
311 2515 347 2571 at
361 2512 414 2571 ista
430 2529 540 2589 poenas
557 2513 650 2590 capite
664 2509 815 2590 persoluat
830 2529 884 2570 suo

148 2596 262 2671 captiua
279 2597 405 2655 coniunx
421 2597 496 2672 regii
510 2595 612 2674 paelex
628 2598 697 2656 tori.

147 2678 300 2747 trahite,
318 2687 351 2739 ut
366 2688 506 2758 sequatur
522 2681 675 2757 coniugem
693 2686 828 2757 creptum
845 2679 928 2739 mibi.

191 2776 263 2822 cna.
287 2764 330 2823 Ne
346 2765 494 2825 trahite.
520 2772 636 2825 nestros
651 2765 713 2842 ipsa
730 2763 907 2842 praecedam
924 2764 1045 2842 gradus.

217 3003 282 3052 1037
300 3001 416 3065 gradere
434 3001 460 3048 E
472 3001 495 3049 B
508 3001 603 3049 IIPal.
623 2999 727 3064 gaudes
745 2999 771 3049 A
783 2996 795 3063 ΙΙ
808 3004 924 3064 gnatam
940 2998 966 3047 Ε
978 2995 990 3063 ΙΙ
1004 3000 1068 3049 1038

147 3069 253 3117 occulit
264 3070 379 3117 fratrem
393 3067 516 3117 abditum
528 3068 554 3116 E
573 3068 635 3118 abd.
649 3068 682 3117 fr.
697 3082 754 3116 occ.
768 3067 793 3116 A
807 3062 818 3132 ll
837 3069 903 3116 1042
922 3071 1008 3116 natus
1020 3066 1068 3127 Εψ

148 3140 248 3184 nactus
262 3138 283 3184 Α
295 3131 306 3199 [1
318 3152 358 3187 uu.
367 3137 533 3186 1046-1051
544 3142 606 3198 post
617 3153 640 3184 u.
648 3137 713 3186 1058
725 3136 819 3183 traieci
829 3141 937 3184 erectore
949 3135 1049 3185 Delm'n.
1059 3130 1069 3193 ll

150 3200 228 3253 1052¹³
246 3201 328 3252 ΑΕΘ.
348 3206 416 3266 etp?
429 3203 504 3254 [Pal.
524 3202 602 3251 CLY.
622 3205 646 3252 A
665 3200 676 3268 ll
694 3203 760 3253 1054
778 3203 868 3251 Morta
887 3200 913 3250 Ε
927 3204 970 3252 ed.
983 3201 1068 3252 Baaii.

148 3273 264 3321 Mortem
284 3272 308 3319 A
324 3266 342 3404 p]
355 3269 435 3322 105412
452 3269 533 3320 ABG.
554 3271 702 3333 epllPal.
728 3268 806 3323 CLY.
826 3271 851 3318 A
869 3265 881 3334 ΙΙ
900 3271 967 3320 1055
992 3269 1070 3319 CLY.

149 3342 267 3405 estona.
282 3340 306 3388 A
365 3337 490 3403 Abripite
506 3345 544 3401 εψ
562 3339 624 3386 Arri
643 3338 682 3387 ite
701 3338 726 3386 A
745 3334 756 3403 Η
781 3337 847 3387 1056
865 3352 1003 3387 mecenas
1021 3333 1070 3397 El

151 3409 215 3459 1046
238 3406 320 3459 AEG.
341 3422 354 3458 ε
365 3410 400 3471 9?
414 3406 488 3457 [Par.
508 3421 555 3457 om.
575 3408 599 3454 A
624 3355 642 3470 ll
661 3407 726 3455 1047
747 3409 775 3454 et
792 3420 841 3468 per
858 3403 884 3452 E
910 3410 939 3453 et
957 3420 1008 3455 om.
1023 3406 1046 3455 A
1064 3400 1068 3467 Ι

150 3478 216 3526 1048
235 3477 337 3526 lorsam
354 3475 380 3523 E
397 3471 409 3541 ΙΙ
427 3474 492 3523 1049
511 3473 603 3522 obsita
621 3475 645 3522 A
665 3475 765 3523 obruta
784 3472 809 3521 E
826 3468 839 3538 ΙΙ
857 3473 925 3522 1059
944 3470 1029 3523 OLY.
1050 3470 1072 3520 Ε

140 3560 189 3600 om.
208 3546 237 3598 A
248 3547 262 3616 Η
273 3546 337 3614 ipsa
355 3545 380 3597 Ε
399 3547 455 3596 ista
475 3538 677 3608 Alipersoluet
696 3539 741 3603 cu
757 3538 902 3602 persoluat
921 3541 947 3590 A
971 3535 985 3606 ss
