<?xml version="1.0" encoding="UTF-8"?>
<!DOCTYPE html PUBLIC "-//W3C//DTD XHTML 1.0 Transitional//EN"
    "http://www.w3.org/TR/xhtml1/DTD/xhtml1-transitional.dtd">
<html xmlns="http://www.w3.org/1999/xhtml" xml:lang="en" lang="en">
 <head>
  <title>
</title>
<meta http-equiv="Content-Type" content="text/html;charset=utf-8" />
  <meta name='ocr-system' content='tesseract 3.04.00' />
  <meta name='ocr-capabilities' content='ocr_page ocr_carea ocr_par ocr_line ocrx_word'/>
</head>
<body>
  <div class='ocr_page' id='page_1' title='image "./lannaeisenecaet00senegoog_0009.png"; bbox 0 0 2326 3922; ppageno 0'>
   <div class='ocr_carea' id='block_1_1' title="bbox 184 231 750 310">
    <p class='ocr_par' dir='ltr' id='par_1_1' title="bbox 184 231 750 310">
     <span class='ocr_line' id='line_1_1' title="bbox 184 231 750 310; baseline 0 -30"><span class='ocrx_word' id='word_1_1' title='bbox 184 234 240 281; x_wconf 90' lang='lat'>1111</span> <span class='ocrx_word' id='word_1_2' title='bbox 552 231 750 310; x_wconf 76' lang='lat' dir='ltr'><strong>PRAEFATlO</strong></span> 
     </span>
    </p>
   </div>
   <div class='ocr_carea' id='block_1_2' title="bbox 141 391 1132 1652">
    <p class='ocr_par' dir='ltr' id='par_1_2' title="bbox 141 391 1132 1652">
     <span class='ocr_line' id='line_1_2' title="bbox 169 391 1130 468; baseline 0.002 -20"><span class='ocrx_word' id='word_1_3' title='bbox 169 421 205 434; x_wconf 89' lang='lat'><strong>—-</strong></span> <span class='ocrx_word' id='word_1_4' title='bbox 230 409 299 466; x_wconf 91' lang='lat' dir='ltr'><strong>quae</strong></span> <span class='ocrx_word' id='word_1_5' title='bbox 321 408 365 447; x_wconf 86' lang='lat' dir='ltr'><strong>res</strong></span> <span class='ocrx_word' id='word_1_6' title='bbox 382 409 442 448; x_wconf 90' lang='lat' dir='ltr'><strong>cum</strong></span> <span class='ocrx_word' id='word_1_7' title='bbox 466 394 579 448; x_wconf 80' lang='lat' dir='ltr'>maxime</span> <span class='ocrx_word' id='word_1_8' title='bbox 596 409 691 447; x_wconf 90' lang='lat' dir='ltr'><strong>eorum</strong></span> <span class='ocrx_word' id='word_1_9' title='bbox 709 391 833 466; x_wconf 87' lang='lat' dir='ltr'><strong>opinioni</strong></span> <span class='ocrx_word' id='word_1_10' title='bbox 856 392 1011 464; x_wconf 77' lang='lat' dir='ltr'><strong>refragatur</strong></span> <span class='ocrx_word' id='word_1_11' title='bbox 1032 396 1057 449; x_wconf 93' lang='lat' dir='ltr'><strong>si</strong></span> <span class='ocrx_word' id='word_1_12' title='bbox 1082 396 1130 468; x_wconf 91' lang='lat' dir='ltr'><strong>qui</strong></span> 
     </span>
     <span class='ocr_line' id='line_1_3' title="bbox 166 475 1131 550; baseline 0.003 -17"><span class='ocrx_word' id='word_1_13' title='bbox 166 479 350 533; x_wconf 81' lang='lat' dir='ltr'><strong>recentiorum</strong></span> <span class='ocrx_word' id='word_1_14' title='bbox 376 475 510 532; x_wconf 85' lang='lat' dir='ltr'><strong>librorum</strong></span> <span class='ocrx_word' id='word_1_15' title='bbox 539 476 644 550; x_wconf 87' lang='lat' dir='ltr'><strong>copiam</strong></span> <span class='ocrx_word' id='word_1_16' title='bbox 672 493 686 531; x_wconf 92' lang='lat' dir='ltr'><strong>e</strong></span> <span class='ocrx_word' id='word_1_17' title='bbox 709 475 854 533; x_wconf 75' lang='lat' dir='ltr'><strong>florentino</strong></span> <span class='ocrx_word' id='word_1_18' title='bbox 884 477 1036 533; x_wconf 86' lang='lat' dir='ltr'><strong>deriuatam</strong></span> <span class='ocrx_word' id='word_1_19' title='bbox 1067 495 1131 537; x_wconf 88' lang='lat' dir='ltr'><strong>esse</strong></span> 
     </span>
     <span class='ocr_line' id='line_1_4' title="bbox 167 560 1132 635; baseline 0.003 -19"><span class='ocrx_word' id='word_1_20' title='bbox 167 570 265 635; x_wconf 88' lang='lat' dir='ltr'><strong>putant</strong></span> <span class='ocrx_word' id='word_1_21' title='bbox 296 583 348 616; x_wconf 76' lang='grc' dir='ltr'><strong>-ι</strong></span> <span class='ocrx_word' id='word_1_22' title='bbox 381 579 437 617; x_wconf 92' lang='lat' dir='ltr'><strong>non</strong></span> <span class='ocrx_word' id='word_1_23' title='bbox 464 560 552 617; x_wconf 90' lang='lat' dir='ltr'><strong>solum</strong></span> <span class='ocrx_word' id='word_1_24' title='bbox 580 561 732 617; x_wconf 81' lang='lat' dir='ltr'><strong>fabularum</strong></span> <span class='ocrx_word' id='word_1_25' title='bbox 760 577 850 635; x_wconf 90' lang='lat' dir='ltr'><strong>neque</strong></span> <span class='ocrx_word' id='word_1_26' title='bbox 878 561 944 617; x_wconf 92' lang='lat' dir='ltr'><strong>ordo</strong></span> <span class='ocrx_word' id='word_1_27' title='bbox 968 579 1062 635; x_wconf 92' lang='lat' dir='ltr'><strong>neque</strong></span> <span class='ocrx_word' id='word_1_28' title='bbox 1087 564 1132 619; x_wconf 90' lang='lat' dir='ltr'><strong>in·</strong></span> 
     </span>
     <span class='ocr_line' id='line_1_5' title="bbox 166 645 1131 720; baseline 0.002 -18"><span class='ocrx_word' id='word_1_29' title='bbox 166 647 332 720; x_wconf 89' lang='lat' dir='ltr'><strong>scriptiones</strong></span> <span class='ocrx_word' id='word_1_30' title='bbox 353 646 470 702; x_wconf 85' lang='lat' dir='ltr'><strong>Etrusco</strong></span> <span class='ocrx_word' id='word_1_31' title='bbox 498 649 666 702; x_wconf 91' lang='lat' dir='ltr'><strong>conueniunt</strong></span> <span class='ocrx_word' id='word_1_32' title='bbox 694 663 756 702; x_wconf 92' lang='lat' dir='ltr'><strong>cum</strong></span> <span class='ocrx_word' id='word_1_33' title='bbox 783 646 884 701; x_wconf 89' lang='lat' dir='ltr'><strong>ceteris</strong></span> <span class='ocrx_word' id='word_1_34' title='bbox 909 645 1004 709; x_wconf 91' lang='lat' dir='ltr'><strong>libris,</strong></span> <span class='ocrx_word' id='word_1_35' title='bbox 1030 665 1131 704; x_wconf 90' lang='lat' dir='ltr'><strong>uerum</strong></span> 
     </span>
     <span class='ocr_line' id='line_1_6' title="bbox 168 730 1132 804; baseline 0.002 -17"><span class='ocrx_word' id='word_1_36' title='bbox 168 733 252 787; x_wconf 90' lang='lat' dir='ltr'><strong>etiam</strong></span> <span class='ocrx_word' id='word_1_37' title='bbox 274 733 425 804; x_wconf 88' lang='lat' dir='ltr'><strong>scripturae</strong></span> <span class='ocrx_word' id='word_1_38' title='bbox 443 732 578 787; x_wconf 77' lang='lat' dir='ltr'><strong>sexcentis</strong></span> <span class='ocrx_word' id='word_1_39' title='bbox 595 730 663 786; x_wconf 92' lang='lat' dir='ltr'><strong>locis</strong></span> <span class='ocrx_word' id='word_1_40' title='bbox 681 738 757 785; x_wconf 89' lang='lat' dir='ltr'><strong>tanto</strong></span> <span class='ocrx_word' id='word_1_41' title='bbox 782 744 866 804; x_wconf 92' lang='lat' dir='ltr'><strong>opere</strong></span> <span class='ocrx_word' id='word_1_42' title='bbox 887 733 960 786; x_wconf 87' lang='lat' dir='ltr'><strong>inter</strong></span> <span class='ocrx_word' id='word_1_43' title='bbox 977 748 1005 786; x_wconf 91' lang='lat' dir='ltr'><strong>se</strong></span> <span class='ocrx_word' id='word_1_44' title='bbox 1027 732 1132 789; x_wconf 90' lang='lat' dir='ltr'><strong>discre-</strong></span> 
     </span>
     <span class='ocr_line' id='line_1_7' title="bbox 168 813 1130 889; baseline 0.003 -19"><span class='ocrx_word' id='word_1_45' title='bbox 168 813 290 889; x_wconf 83' lang='lat' dir='ltr'><strong>pant*),</strong></span> <span class='ocrx_word' id='word_1_46' title='bbox 319 824 350 870; x_wconf 91' lang='lat' dir='ltr'><strong>ut</strong></span> <span class='ocrx_word' id='word_1_47' title='bbox 372 815 404 870; x_wconf 92' lang='lat' dir='ltr'><strong>ad</strong></span> <span class='ocrx_word' id='word_1_48' title='bbox 429 816 495 871; x_wconf 88' lang='lat' dir='ltr'><strong>duas</strong></span> <span class='ocrx_word' id='word_1_49' title='bbox 518 814 642 871; x_wconf 85' lang='lat' dir='ltr'><strong>diuersas</strong></span> <span class='ocrx_word' id='word_1_50' title='bbox 665 815 840 871; x_wconf 79' lang='lat' dir='ltr'><strong>recensiones</strong></span> <span class='ocrx_word' id='word_1_51' title='bbox 861 832 918 871; x_wconf 90' lang='lat' dir='ltr'><strong>non</strong></span> <span class='ocrx_word' id='word_1_52' title='bbox 942 817 1051 889; x_wconf 87' lang='lat' dir='ltr'><strong>possint</strong></span> <span class='ocrx_word' id='word_1_53' title='bbox 1073 834 1130 873; x_wconf 91' lang='lat' dir='ltr'><strong>non</strong></span> 
     </span>
     <span class='ocr_line' id='line_1_8' title="bbox 167 891 440 956; baseline 0.004 -2"><span class='ocrx_word' id='word_1_54' title='bbox 167 900 278 956; x_wconf 75' lang='lat' dir='ltr'><strong>celerri.</strong></span> <span class='ocrx_word' id='word_1_55' title='bbox 438 891 440 897; x_wconf 49' lang='lat'><strong>¹</strong></span> 
     </span>
     <span class='ocr_line' id='line_1_9' title="bbox 227 983 1129 1062; baseline 0.003 -23"><span class='ocrx_word' id='word_1_56' title='bbox 227 985 325 1062; x_wconf 15' lang='lat' dir='ltr'><strong>*Neque</strong></span> <span class='ocrx_word' id='word_1_57' title='bbox 342 984 430 1057; x_wconf 85' lang='lat' dir='ltr'><strong>magis</strong></span> <span class='ocrx_word' id='word_1_58' title='bbox 447 983 575 1057; x_wconf 87' lang='lat' dir='ltr'><strong>prolecto</strong></span> <span class='ocrx_word' id='word_1_59' title='bbox 594 992 635 1038; x_wconf 92' lang='lat' dir='ltr'><strong>est</strong></span> <span class='ocrx_word' id='word_1_60' title='bbox 653 984 727 1056; x_wconf 89' lang='lat' dir='ltr'><strong>quod</strong></span> <span class='ocrx_word' id='word_1_61' title='bbox 744 984 776 1039; x_wconf 94' lang='lat' dir='ltr'><strong>de</strong></span> <span class='ocrx_word' id='word_1_62' title='bbox 792 984 939 1057; x_wconf 90' lang='lat' dir='ltr'><strong>utriusque</strong></span> <span class='ocrx_word' id='word_1_63' title='bbox 954 985 1129 1042; x_wconf 83' lang='lat' dir='ltr'><strong>recensionis</strong></span> 
     </span>
     <span class='ocr_line' id='line_1_10' title="bbox 165 1065 1130 1136; baseline 0.002 -12"><span class='ocrx_word' id='word_1_64' title='bbox 165 1065 306 1136; x_wconf 77' lang='lat' dir='ltr'><strong>uetustate</strong></span> <span class='ocrx_word' id='word_1_65' title='bbox 338 1065 503 1124; x_wconf 90' lang='lat' dir='ltr'><strong>dubitemus.</strong></span> <span class='ocrx_word' id='word_1_66' title='bbox 550 1069 739 1124; x_wconf 82' lang='lat' dir='ltr'><strong>Tbuanearom</strong></span> <span class='ocrx_word' id='word_1_67' title='bbox 763 1068 980 1124; x_wconf 91' lang='lat' dir='ltr'><strong>membranarum</strong></span> <span class='ocrx_word' id='word_1_68' title='bbox 1009 1077 1130 1126; x_wconf 89' lang='lat' dir='ltr'><strong>aetatem</strong></span> 
     </span>
     <span class='ocr_line' id='line_1_11' title="bbox 141 1143 1130 1226; baseline 0.003 -18"><span class='ocrx_word' id='word_1_69' title='bbox 141 1143 277 1209; x_wconf 56' lang='lat' dir='ltr'><strong>&#39;saeculo</strong></span> <span class='ocrx_word' id='word_1_70' title='bbox 300 1153 344 1207; x_wconf 70' lang='lat' dir='ltr'><strong>Xess</strong></span> <span class='ocrx_word' id='word_1_71' title='bbox 366 1155 586 1226; x_wconf 89' lang='lat' dir='ltr'><strong>conscriptarum</strong></span> <span class='ocrx_word' id='word_1_72' title='bbox 609 1161 721 1225; x_wconf 91' lang='lat' dir='ltr'><strong>superat</strong></span> <span class='ocrx_word' id='word_1_73' title='bbox 743 1153 830 1208; x_wconf 91' lang='lat' dir='ltr'><strong>multo</strong></span> <span class='ocrx_word' id='word_1_74' title='bbox 854 1155 878 1208; x_wconf 94' lang='lat' dir='ltr'><strong>is</strong></span> <span class='ocrx_word' id='word_1_75' title='bbox 901 1153 973 1208; x_wconf 90' lang='lat' dir='ltr'><strong>unde</strong></span> <span class='ocrx_word' id='word_1_76' title='bbox 995 1153 1130 1211; x_wconf 85' lang='lat' dir='ltr'><strong>Etruscus</strong></span> 
     </span>
     <span class='ocr_line' id='line_1_12' title="bbox 167 1237 1129 1311; baseline 0.004 -19"><span class='ocrx_word' id='word_1_77' title='bbox 167 1241 351 1311; x_wconf 85' lang='lat' dir='ltr'><strong>transcriptus</strong></span> <span class='ocrx_word' id='word_1_78' title='bbox 384 1246 426 1293; x_wconf 93' lang='lat' dir='ltr'><strong>est</strong></span> <span class='ocrx_word' id='word_1_79' title='bbox 448 1237 518 1293; x_wconf 89' lang='lat' dir='ltr'><strong>liber</strong></span> <span class='ocrx_word' id='word_1_80' title='bbox 540 1239 586 1310; x_wconf 92' lang='lat' dir='ltr'><strong>qui</strong></span> <span class='ocrx_word' id='word_1_81' title='bbox 610 1237 764 1293; x_wconf 82' lang='lat' dir='ltr'><strong>uncialibus</strong></span> <span class='ocrx_word' id='word_1_82' title='bbox 785 1237 874 1293; x_wconf 88' lang='lat' dir='ltr'><strong>literis</strong></span> <span class='ocrx_word' id='word_1_83' title='bbox 904 1247 1028 1294; x_wconf 79' lang='lat' dir='ltr'><strong>exaratus</strong></span> <span class='ocrx_word' id='word_1_84' title='bbox 1059 1248 1129 1296; x_wconf 87' lang='lat' dir='ltr'><strong>erat.</strong></span> 
     </span>
     <span class='ocr_line' id='line_1_13' title="bbox 168 1321 1129 1398; baseline 0.001 -20"><span class='ocrx_word' id='word_1_85' title='bbox 168 1322 194 1378; x_wconf 85' lang='grc' dir='ltr'><em>Α</em></span> <span class='ocrx_word' id='word_1_86' title='bbox 218 1339 286 1378; x_wconf 93' lang='lat' dir='ltr'><strong>uero</strong></span> <span class='ocrx_word' id='word_1_87' title='bbox 309 1321 480 1378; x_wconf 87' lang='lat' dir='ltr'><strong>recensionis</strong></span> <span class='ocrx_word' id='word_1_88' title='bbox 502 1329 668 1377; x_wconf 88' lang='lat' dir='ltr'><strong>uetustatem</strong></span> <span class='ocrx_word' id='word_1_89' title='bbox 690 1330 827 1378; x_wconf 91' lang='lat' dir='ltr'><strong>testantur</strong></span> <span class='ocrx_word' id='word_1_90' title='bbox 842 1322 907 1378; x_wconf 90' lang='lat' dir='ltr'><strong>lolia</strong></span> <span class='ocrx_word' id='word_1_91' title='bbox 927 1321 973 1377; x_wconf 90' lang='lat' dir='ltr'><strong>illa</strong></span> <span class='ocrx_word' id='word_1_92' title='bbox 994 1327 1129 1398; x_wconf 88' lang='lat' dir='ltr'><strong>rescripta</strong></span> 
     </span>
     <span class='ocr_line' id='line_1_14' title="bbox 169 1405 1129 1482; baseline -0.001 -17"><span class='ocrx_word' id='word_1_93' title='bbox 169 1407 359 1470; x_wconf 83' lang='lat' dir='ltr'><strong>ambrosiana,</strong></span> <span class='ocrx_word' id='word_1_94' title='bbox 378 1423 446 1480; x_wconf 91' lang='lat' dir='ltr'><strong>quae</strong></span> <span class='ocrx_word' id='word_1_95' title='bbox 463 1414 525 1463; x_wconf 90' lang='lat' dir='ltr'><strong>ante</strong></span> <span class='ocrx_word' id='word_1_96' title='bbox 541 1423 587 1463; x_wconf 84' lang='lat' dir='ltr'><strong>vu</strong></span> <span class='ocrx_word' id='word_1_97' title='bbox 602 1405 648 1462; x_wconf 91' lang='lat' dir='ltr'><strong>uel</strong></span> <span class='ocrx_word' id='word_1_98' title='bbox 664 1423 697 1464; x_wconf 83' lang='lat' dir='ltr'><strong>vt</strong></span> <span class='ocrx_word' id='word_1_99' title='bbox 713 1405 852 1463; x_wconf 90' lang='lat' dir='ltr'><strong>saeculum</strong></span> <span class='ocrx_word' id='word_1_100' title='bbox 868 1407 971 1481; x_wconf 86' lang='lat' dir='ltr'><strong>scripta</strong></span> <span class='ocrx_word' id='word_1_101' title='bbox 988 1424 1048 1464; x_wconf 90' lang='lat' dir='ltr'><strong>esse</strong></span> <span class='ocrx_word' id='word_1_102' title='bbox 1063 1426 1129 1482; x_wconf 87' lang='lat' dir='ltr'><strong>pro·</strong></span> 
     </span>
     <span class='ocr_line' id='line_1_15' title="bbox 170 1490 1130 1566; baseline 0.003 -19"><span class='ocrx_word' id='word_1_103' title='bbox 170 1491 261 1548; x_wconf 90' lang='lat' dir='ltr'><strong>babile</strong></span> <span class='ocrx_word' id='word_1_104' title='bbox 285 1499 335 1546; x_wconf 90' lang='lat' dir='ltr'><strong>est.</strong></span> <span class='ocrx_word' id='word_1_105' title='bbox 370 1491 434 1546; x_wconf 90' lang='lat' dir='ltr'><strong>Nam</strong></span> <span class='ocrx_word' id='word_1_106' title='bbox 463 1491 580 1564; x_wconf 89' lang='lat' dir='ltr'><strong>plautini</strong></span> <span class='ocrx_word' id='word_1_107' title='bbox 602 1490 704 1547; x_wconf 90' lang='lat' dir='ltr'><strong>codicis</strong></span> <span class='ocrx_word' id='word_1_108' title='bbox 726 1493 863 1565; x_wconf 92' lang='lat' dir='ltr'><strong>scriptura</strong></span> <span class='ocrx_word' id='word_1_109' title='bbox 890 1491 1006 1566; x_wconf 85' lang='lat' dir='ltr'><strong>pristina</strong></span> <span class='ocrx_word' id='word_1_110' title='bbox 1027 1493 1130 1550; x_wconf 90' lang='lat' dir='ltr'><strong>saeculi</strong></span> 
     </span>
     <span class='ocr_line' id='line_1_16' title="bbox 171 1575 1130 1652; baseline 0.002 -20"><span class='ocrx_word' id='word_1_111' title='bbox 171 1575 262 1650; x_wconf 89' lang='lat' dir='ltr'><strong>quinti</strong></span> <span class='ocrx_word' id='word_1_112' title='bbox 280 1575 398 1630; x_wconf 80' lang='lat' dir='ltr'><strong>fortasse</strong></span> <span class='ocrx_word' id='word_1_113' title='bbox 415 1576 520 1648; x_wconf 88' lang='lat' dir='ltr'><strong>quarti,</strong></span> <span class='ocrx_word' id='word_1_114' title='bbox 537 1576 690 1648; x_wconf 87' lang='lat' dir='ltr'><strong>posterior,</strong></span> <span class='ocrx_word' id='word_1_115' title='bbox 707 1593 761 1649; x_wconf 92' lang='lat' dir='ltr'><strong>qua</strong></span> <span class='ocrx_word' id='word_1_116' title='bbox 776 1578 879 1632; x_wconf 89' lang='lat' dir='ltr'><strong>ueteris</strong></span> <span class='ocrx_word' id='word_1_117' title='bbox 897 1580 1051 1633; x_wconf 80' lang='lat' dir='ltr'><strong>testamenti</strong></span> <span class='ocrx_word' id='word_1_118' title='bbox 1069 1580 1130 1652; x_wconf 93' lang='lat' dir='ltr'><strong>qui-</strong></span> 
     </span>
    </p>
   </div>
   <div class='ocr_carea' id='block_1_3' title="bbox 74 1659 1128 1736">
    <p class='ocr_par' dir='ltr' id='par_1_3' title="bbox 74 1659 1128 1736">
     <span class='ocr_line' id='line_1_17' title="bbox 74 1659 1128 1736; baseline 0.002 -20"><span class='ocrx_word' id='word_1_119' title='bbox 74 1710 78 1716; x_wconf 87' lang='lat'>.</span> <span class='ocrx_word' id='word_1_120' title='bbox 172 1661 233 1716; x_wconf 89' lang='lat' dir='ltr'><strong>dam</strong></span> <span class='ocrx_word' id='word_1_121' title='bbox 246 1659 309 1715; x_wconf 92' lang='lat' dir='ltr'><strong>libri</strong></span> <span class='ocrx_word' id='word_1_122' title='bbox 326 1661 428 1716; x_wconf 82' lang='lat' dir='ltr'><strong>exarati</strong></span> <span class='ocrx_word' id='word_1_123' title='bbox 443 1667 515 1721; x_wconf 85' lang='lat' dir='ltr'><strong>suut,</strong></span> <span class='ocrx_word' id='word_1_124' title='bbox 532 1661 597 1715; x_wconf 91' lang='lat' dir='ltr'><strong>noni</strong></span> <span class='ocrx_word' id='word_1_125' title='bbox 614 1669 656 1715; x_wconf 93' lang='lat' dir='ltr'><strong>est</strong></span> <span class='ocrx_word' id='word_1_126' title='bbox 672 1659 796 1730; x_wconf 88' lang='lat' dir='ltr'><strong>(Ritscbl.</strong></span> <span class='ocrx_word' id='word_1_127' title='bbox 809 1661 879 1734; x_wconf 92' lang='lat' dir='ltr'><strong>prol.</strong></span> <span class='ocrx_word' id='word_1_128' title='bbox 892 1661 1006 1716; x_wconf 81' lang='lat' dir='ltr'><strong>adTrin.</strong></span> <span class='ocrx_word' id='word_1_129' title='bbox 1016 1662 1128 1736; x_wconf 88' lang='lat' dir='ltr'><strong>p.Vlll),</strong></span> 
     </span>
    </p>
   </div>
   <div class='ocr_carea' id='block_1_4' title="bbox 168 1743 1130 3259">
    <p class='ocr_par' dir='ltr' id='par_1_4' title="bbox 168 1743 1130 2495">
     <span class='ocr_line' id='line_1_18' title="bbox 173 1743 1129 1821; baseline 0.003 -21"><span class='ocrx_word' id='word_1_130' title='bbox 173 1745 247 1800; x_wconf 91' lang='lat' dir='ltr'><strong>unde</strong></span> <span class='ocrx_word' id='word_1_131' title='bbox 265 1743 383 1800; x_wconf 87' lang='lat' dir='ltr'><strong>Senecae</strong></span> <span class='ocrx_word' id='word_1_132' title='bbox 404 1744 471 1800; x_wconf 92' lang='lat' dir='ltr'><strong>lolia</strong></span> <span class='ocrx_word' id='word_1_133' title='bbox 487 1761 542 1800; x_wconf 93' lang='lat' dir='ltr'><strong>non</strong></span> <span class='ocrx_word' id='word_1_134' title='bbox 559 1753 623 1818; x_wconf 92' lang='lat' dir='ltr'><strong>post</strong></span> <span class='ocrx_word' id='word_1_135' title='bbox 639 1752 766 1801; x_wconf 86' lang='lat' dir='ltr'><strong>octauum</strong></span> <span class='ocrx_word' id='word_1_136' title='bbox 788 1745 927 1802; x_wconf 86' lang='lat' dir='ltr'><strong>saeculum</strong></span> <span class='ocrx_word' id='word_1_137' title='bbox 943 1748 1045 1821; x_wconf 90' lang='lat' dir='ltr'><strong>scripta</strong></span> <span class='ocrx_word' id='word_1_138' title='bbox 1067 1765 1129 1803; x_wconf 93' lang='lat' dir='ltr'><strong>esse</strong></span> 
     </span>
     <span class='ocr_line' id='line_1_19' title="bbox 175 1828 1130 1905; baseline 0.004 -21"><span class='ocrx_word' id='word_1_139' title='bbox 175 1837 264 1903; x_wconf 87' lang='lat' dir='ltr'><strong>patet.</strong></span> <span class='ocrx_word' id='word_1_140' title='bbox 287 1830 396 1885; x_wconf 89' lang='lat' dir='ltr'><strong>saeculo</strong></span> <span class='ocrx_word' id='word_1_141' title='bbox 412 1846 479 1885; x_wconf 92' lang='lat' dir='ltr'><strong>uero</strong></span> <span class='ocrx_word' id='word_1_142' title='bbox 496 1828 582 1884; x_wconf 91' lang='lat' dir='ltr'><strong>multo</strong></span> <span class='ocrx_word' id='word_1_143' title='bbox 604 1831 690 1902; x_wconf 91' lang='lat' dir='ltr'><strong>priori</strong></span> <span class='ocrx_word' id='word_1_144' title='bbox 712 1830 836 1886; x_wconf 87' lang='lat' dir='ltr'><strong>codicem</strong></span> <span class='ocrx_word' id='word_1_145' title='bbox 858 1830 891 1886; x_wconf 90' lang='lat' dir='ltr'><strong>ad</strong></span> <span class='ocrx_word' id='word_1_146' title='bbox 907 1848 988 1904; x_wconf 91' lang='lat' dir='ltr'><strong>quem</strong></span> <span class='ocrx_word' id='word_1_147' title='bbox 1008 1832 1130 1905; x_wconf 91' lang='lat' dir='ltr'><strong>pertine·</strong></span> 
     </span>
     <span class='ocr_line' id='line_1_20' title="bbox 170 1913 1129 1988; baseline 0.004 -20"><span class='ocrx_word' id='word_1_148' title='bbox 170 1914 236 1970; x_wconf 89' lang='lat' dir='ltr'><strong>bant</strong></span> <span class='ocrx_word' id='word_1_149' title='bbox 257 1922 288 1969; x_wconf 93' lang='lat' dir='ltr'><strong>ut</strong></span> <span class='ocrx_word' id='word_1_150' title='bbox 310 1913 476 1975; x_wconf 87' lang='lat' dir='ltr'><strong>tribuamus,</strong></span> <span class='ocrx_word' id='word_1_151' title='bbox 500 1914 574 1987; x_wconf 83' lang='lat' dir='ltr'><strong>cogit</strong></span> <span class='ocrx_word' id='word_1_152' title='bbox 597 1917 734 1988; x_wconf 87' lang='lat' dir='ltr'><strong>scriptura</strong></span> <span class='ocrx_word' id='word_1_153' title='bbox 757 1916 818 1970; x_wconf 88' lang='lat' dir='ltr'><strong>eius</strong></span> <span class='ocrx_word' id='word_1_154' title='bbox 841 1916 970 1970; x_wconf 90' lang='lat' dir='ltr'><strong>continua</strong></span> <span class='ocrx_word' id='word_1_155' title='bbox 990 1924 1017 1971; x_wconf 91' lang='lat' dir='ltr'><strong>et</strong></span> <span class='ocrx_word' id='word_1_156' title='bbox 1038 1915 1129 1972; x_wconf 90' lang='lat' dir='ltr'><strong>literis</strong></span> 
     </span>
     <span class='ocr_line' id='line_1_21' title="bbox 168 1998 1129 2074; baseline 0.003 -20"><span class='ocrx_word' id='word_1_157' title='bbox 168 1998 322 2054; x_wconf 84' lang='lat' dir='ltr'><strong>occlalibus</strong></span> <span class='ocrx_word' id='word_1_158' title='bbox 348 2015 486 2072; x_wconf 79' lang='lat' dir='ltr'><strong>expressa.</strong></span> <span class='ocrx_word' id='word_1_159' title='bbox 517 1999 629 2055; x_wconf 84' lang='lat' dir='ltr'><strong>Accedit</strong></span> <span class='ocrx_word' id='word_1_160' title='bbox 644 1999 809 2056; x_wconf 84' lang='lat' dir='ltr'><strong>Lactanti</strong></span> <span class='ocrx_word' id='word_1_161' title='bbox 831 2000 1018 2056; x_wconf 90' lang='lat' dir='ltr'><strong>testimonium</strong></span> <span class='ocrx_word' id='word_1_162' title='bbox 1041 2002 1129 2074; x_wconf 93' lang='lat' dir='ltr'><strong>quod·</strong></span> 
     </span>
     <span class='ocr_line' id='line_1_22' title="bbox 170 2083 1129 2158; baseline 0.003 -20"><span class='ocrx_word' id='word_1_163' title='bbox 170 2084 231 2138; x_wconf 91' lang='lat' dir='ltr'><strong>dam</strong></span> <span class='ocrx_word' id='word_1_164' title='bbox 253 2085 384 2139; x_wconf 85' lang='lat' dir='ltr'><strong>stationae</strong></span> <span class='ocrx_word' id='word_1_165' title='bbox 406 2083 540 2143; x_wconf 85' lang='lat' dir='ltr'><strong>thebaidis</strong></span> <span class='ocrx_word' id='word_1_166' title='bbox 571 2085 746 2158; x_wconf 87' lang='lat' dir='ltr'><strong>interpretis,</strong></span> <span class='ocrx_word' id='word_1_167' title='bbox 775 2100 855 2156; x_wconf 89' lang='lat' dir='ltr'><strong>quem</strong></span> <span class='ocrx_word' id='word_1_168' title='bbox 876 2100 932 2138; x_wconf 89' lang='lat' dir='ltr'><strong>non</strong></span> <span class='ocrx_word' id='word_1_169' title='bbox 954 2084 1041 2140; x_wconf 91' lang='lat' dir='ltr'><strong>multo</strong></span> <span class='ocrx_word' id='word_1_170' title='bbox 1065 2095 1129 2158; x_wconf 91' lang='lat' dir='ltr'><strong>post</strong></span> 
     </span>
     <span class='ocr_line' id='line_1_23' title="bbox 171 2167 1129 2243; baseline 0.002 -20"><span class='ocrx_word' id='word_1_171' title='bbox 171 2167 298 2224; x_wconf 88' lang='lat' dir='ltr'><strong>Seruium</strong></span> <span class='ocrx_word' id='word_1_172' title='bbox 314 2167 400 2223; x_wconf 86' lang='lat' dir='ltr'><strong>foisse</strong></span> <span class='ocrx_word' id='word_1_173' title='bbox 417 2167 498 2223; x_wconf 87' lang='lat' dir='ltr'><strong>bodie</strong></span> <span class='ocrx_word' id='word_1_174' title='bbox 514 2176 624 2240; x_wconf 90' lang='lat' dir='ltr'><strong>recepta</strong></span> <span class='ocrx_word' id='word_1_175' title='bbox 640 2176 683 2223; x_wconf 90' lang='lat' dir='ltr'><strong>est</strong></span> <span class='ocrx_word' id='word_1_176' title='bbox 699 2169 802 2242; x_wconf 88' lang='lat' dir='ltr'><strong>opinio.</strong></span> <span class='ocrx_word' id='word_1_177' title='bbox 832 2168 858 2223; x_wconf 93' lang='lat' dir='ltr'><strong>ls</strong></span> <span class='ocrx_word' id='word_1_178' title='bbox 875 2167 945 2222; x_wconf 91' lang='lat' dir='ltr'><strong>euim</strong></span> <span class='ocrx_word' id='word_1_179' title='bbox 962 2186 1023 2224; x_wconf 90' lang='lat' dir='ltr'><strong>cum</strong></span> <span class='ocrx_word' id='word_1_180' title='bbox 1041 2170 1129 2243; x_wconf 82' lang='lat' dir='ltr'><strong>Thye-</strong></span> 
     </span>
     <span class='ocr_line' id='line_1_24' title="bbox 171 2250 1129 2326; baseline 0.002 -18"><span class='ocrx_word' id='word_1_181' title='bbox 171 2255 221 2308; x_wconf 92' lang='lat' dir='ltr'><strong>stis</strong></span> <span class='ocrx_word' id='word_1_182' title='bbox 237 2271 282 2308; x_wconf 91' lang='lat' dir='ltr'><strong>uu.</strong></span> <span class='ocrx_word' id='word_1_183' title='bbox 301 2250 469 2309; x_wconf 76' lang='lat' dir='ltr'><strong>eto-352</strong></span> <span class='ocrx_word' id='word_1_184' title='bbox 493 2252 610 2308; x_wconf 89' lang='lat' dir='ltr'><strong>allerens</strong></span> <span class='ocrx_word' id='word_1_185' title='bbox 626 2271 654 2311; x_wconf 91' lang='grc' dir='ltr'><strong>ιι.</strong></span> <span class='ocrx_word' id='word_1_186' title='bbox 672 2252 732 2310; x_wconf 81' lang='grc'><strong>347</strong></span> <span class='ocrx_word' id='word_1_187' title='bbox 754 2253 855 2308; x_wconf 84' lang='lat' dir='ltr'><strong>cumA</strong></span> <span class='ocrx_word' id='word_1_188' title='bbox 875 2259 986 2307; x_wconf 90' lang='lat' dir='ltr'><strong>tueatur</strong></span> <span class='ocrx_word' id='word_1_189' title='bbox 1010 2254 1129 2326; x_wconf 88' lang='lat' dir='ltr'><strong>scriptu·</strong></span> 
     </span>
     <span class='ocr_line' id='line_1_25' title="bbox 169 2335 1129 2411; baseline 0.002 -19"><span class='ocrx_word' id='word_1_190' title='bbox 169 2355 228 2394; x_wconf 88' lang='lat' dir='ltr'><strong>ram</strong></span> <span class='ocrx_word' id='word_1_191' title='bbox 247 2337 385 2400; x_wconf 86' lang='lat' dir='ltr'><strong>„trabes“‚</strong></span> <span class='ocrx_word' id='word_1_192' title='bbox 402 2354 458 2392; x_wconf 91' lang='lat' dir='ltr'><strong>non</strong></span> <span class='ocrx_word' id='word_1_193' title='bbox 475 2337 588 2399; x_wconf 89' lang='lat' dir='ltr'><strong>„iores“</strong></span> <span class='ocrx_word' id='word_1_194' title='bbox 606 2338 678 2411; x_wconf 90' lang='lat' dir='ltr'><strong>quod</strong></span> <span class='ocrx_word' id='word_1_195' title='bbox 695 2339 721 2392; x_wconf 91' lang='lat' dir='ltr'><strong>in</strong></span> <span class='ocrx_word' id='word_1_196' title='bbox 740 2336 767 2392; x_wconf 85' lang='lat' dir='ltr'><em>E</em></span> <span class='ocrx_word' id='word_1_197' title='bbox 780 2335 891 2411; x_wconf 81' lang='lat' dir='ltr'><strong>legitur.</strong></span> <span class='ocrx_word' id='word_1_198' title='bbox 907 2336 1015 2409; x_wconf 83' lang='lat' dir='ltr'><strong>uolgari</strong></span> <span class='ocrx_word' id='word_1_199' title='bbox 1032 2355 1129 2394; x_wconf 89' lang='lat' dir='ltr'><strong>recen·</strong></span> 
     </span>
     <span class='ocr_line' id='line_1_26' title="bbox 174 2422 588 2495; baseline -0.002 -18"><span class='ocrx_word' id='word_1_200' title='bbox 174 2425 252 2478; x_wconf 91' lang='lat' dir='ltr'><strong>sione</strong></span> <span class='ocrx_word' id='word_1_201' title='bbox 268 2440 298 2478; x_wconf 92' lang='lat' dir='ltr'><strong>se</strong></span> <span class='ocrx_word' id='word_1_202' title='bbox 314 2439 394 2478; x_wconf 91' lang='lat' dir='ltr'><strong>usum</strong></span> <span class='ocrx_word' id='word_1_203' title='bbox 411 2438 471 2478; x_wconf 90' lang='lat' dir='ltr'><strong>esse</strong></span> <span class='ocrx_word' id='word_1_204' title='bbox 488 2422 588 2495; x_wconf 87' lang='lat' dir='ltr'><strong>prodit.</strong></span> 
     </span>
    </p>

    <p class='ocr_par' dir='ltr' id='par_1_5' title="bbox 173 2506 1129 3259">
     <span class='ocr_line' id='line_1_27' title="bbox 235 2506 1128 2580; baseline 0.002 -20"><span class='ocrx_word' id='word_1_205' title='bbox 235 2506 269 2560; x_wconf 92' lang='lat' dir='ltr'><strong>Vt</strong></span> <span class='ocrx_word' id='word_1_206' title='bbox 292 2522 359 2561; x_wconf 91' lang='lat' dir='ltr'><strong>uero</strong></span> <span class='ocrx_word' id='word_1_207' title='bbox 391 2507 534 2579; x_wconf 84' lang='lat' dir='ltr'><strong>utriusque</strong></span> <span class='ocrx_word' id='word_1_208' title='bbox 560 2509 670 2578; x_wconf 82' lang='lat' dir='ltr'><strong>generis</strong></span> <span class='ocrx_word' id='word_1_209' title='bbox 692 2506 769 2568; x_wconf 90' lang='lat' dir='ltr'><strong>libri,</strong></span> <span class='ocrx_word' id='word_1_210' title='bbox 798 2523 962 2580; x_wconf 91' lang='lat' dir='ltr'><strong>quamquam</strong></span> <span class='ocrx_word' id='word_1_211' title='bbox 982 2508 1010 2561; x_wconf 92' lang='lat' dir='ltr'><strong>in</strong></span> <span class='ocrx_word' id='word_1_212' title='bbox 1034 2507 1128 2562; x_wconf 92' lang='lat' dir='ltr'><strong>multis</strong></span> 
     </span>
     <span class='ocr_line' id='line_1_28' title="bbox 173 2589 1129 2663; baseline 0.001 -17"><span class='ocrx_word' id='word_1_213' title='bbox 173 2607 204 2646; x_wconf 89' lang='lat' dir='ltr'><strong>ac</strong></span> <span class='ocrx_word' id='word_1_214' title='bbox 226 2591 394 2663; x_wconf 82' lang='lat' dir='ltr'><strong>gravissimis</strong></span> <span class='ocrx_word' id='word_1_215' title='bbox 418 2590 499 2645; x_wconf 88' lang='lat' dir='ltr'><strong>rebus</strong></span> <span class='ocrx_word' id='word_1_216' title='bbox 528 2593 600 2647; x_wconf 91' lang='lat' dir='ltr'><strong>inter</strong></span> <span class='ocrx_word' id='word_1_217' title='bbox 621 2609 650 2648; x_wconf 92' lang='lat' dir='ltr'><strong>se</strong></span> <span class='ocrx_word' id='word_1_218' title='bbox 672 2589 815 2653; x_wconf 89' lang='lat' dir='ltr'><strong>dillerunt,</strong></span> <span class='ocrx_word' id='word_1_219' title='bbox 844 2599 934 2647; x_wconf 90' lang='lat' dir='ltr'><strong>tamen</strong></span> <span class='ocrx_word' id='word_1_220' title='bbox 959 2599 1000 2646; x_wconf 88' lang='lat' dir='ltr'><strong>tot</strong></span> <span class='ocrx_word' id='word_1_221' title='bbox 1021 2599 1129 2647; x_wconf 89' lang='lat' dir='ltr'><strong>tantos·</strong></span> 
     </span>
     <span class='ocr_line' id='line_1_29' title="bbox 174 2674 1128 2749; baseline 0.002 -19"><span class='ocrx_word' id='word_1_222' title='bbox 174 2691 227 2748; x_wconf 93' lang='lat' dir='ltr'><strong>que</strong></span> <span class='ocrx_word' id='word_1_223' title='bbox 244 2691 353 2730; x_wconf 87' lang='lat' dir='ltr'><strong>errores</strong></span> <span class='ocrx_word' id='word_1_224' title='bbox 370 2691 527 2730; x_wconf 91' lang='lat' dir='ltr'><strong>communes</strong></span> <span class='ocrx_word' id='word_1_225' title='bbox 543 2676 658 2738; x_wconf 78' lang='lat' dir='ltr'><strong>liabent,</strong></span> <span class='ocrx_word' id='word_1_226' title='bbox 680 2683 711 2731; x_wconf 94' lang='lat' dir='ltr'><strong>ut</strong></span> <span class='ocrx_word' id='word_1_227' title='bbox 726 2674 764 2730; x_wconf 89' lang='lat' dir='ltr'><strong>ad</strong></span> <span class='ocrx_word' id='word_1_228' title='bbox 787 2692 888 2731; x_wconf 93' lang='lat' dir='ltr'><strong>unum</strong></span> <span class='ocrx_word' id='word_1_229' title='bbox 912 2676 1128 2749; x_wconf 91' lang='lat' dir='ltr'><strong>eundemque</strong></span> 
     </span>
     <span class='ocr_line' id='line_1_30' title="bbox 175 2759 1129 2834; baseline 0.001 -20"><span class='ocrx_word' id='word_1_230' title='bbox 175 2774 292 2815; x_wconf 92' lang='lat' dir='ltr'><strong>omnes</strong></span> <span class='ocrx_word' id='word_1_231' title='bbox 314 2759 430 2814; x_wconf 89' lang='lat' dir='ltr'><strong>redire</strong></span> <span class='ocrx_word' id='word_1_232' title='bbox 452 2759 676 2834; x_wconf 80' lang='lat' dir='ltr'><strong>archetypum</strong></span> <span class='ocrx_word' id='word_1_233' title='bbox 699 2760 873 2817; x_wconf 81' lang='lat' dir='ltr'><strong>manifestum</strong></span> <span class='ocrx_word' id='word_1_234' title='bbox 896 2760 944 2816; x_wconf 87' lang='lat' dir='ltr'><strong>sit:</strong></span> <span class='ocrx_word' id='word_1_235' title='bbox 968 2761 1054 2816; x_wconf 90' lang='lat' dir='ltr'><strong>itaet</strong></span> <span class='ocrx_word' id='word_1_236' title='bbox 1076 2760 1129 2816; x_wconf 88' lang='lat' dir='ltr'><strong>dil·</strong></span> 
     </span>
     <span class='ocr_line' id='line_1_31' title="bbox 174 2842 1129 2919; baseline 0.001 -21"><span class='ocrx_word' id='word_1_237' title='bbox 174 2842 299 2900; x_wconf 90' lang='lat' dir='ltr'><strong>lereutlis</strong></span> <span class='ocrx_word' id='word_1_238' title='bbox 316 2850 343 2898; x_wconf 92' lang='lat' dir='ltr'><strong>et</strong></span> <span class='ocrx_word' id='word_1_239' title='bbox 359 2843 498 2916; x_wconf 90' lang='lat' dir='ltr'><strong>inquibus</strong></span> <span class='ocrx_word' id='word_1_240' title='bbox 515 2847 690 2901; x_wconf 89' lang='lat' dir='ltr'><strong>consentiunt</strong></span> <span class='ocrx_word' id='word_1_241' title='bbox 706 2844 875 2919; x_wconf 85' lang='lat' dir='ltr'><strong>corruptelis</strong></span> <span class='ocrx_word' id='word_1_242' title='bbox 892 2861 989 2916; x_wconf 82' lang='lat' dir='ltr'><strong>magna</strong></span> <span class='ocrx_word' id='word_1_243' title='bbox 1005 2852 1129 2919; x_wconf 76' lang='lat' dir='ltr'><strong>exparte</strong></span> 
     </span>
     <span class='ocr_line' id='line_1_32' title="bbox 176 2927 1129 3004; baseline 0.002 -21"><span class='ocrx_word' id='word_1_244' title='bbox 176 2939 231 2985; x_wconf 91' lang='lat' dir='ltr'><strong>tam</strong></span> <span class='ocrx_word' id='word_1_245' title='bbox 253 2927 401 3001; x_wconf 80' lang='lat' dir='ltr'><strong>singularis</strong></span> <span class='ocrx_word' id='word_1_246' title='bbox 424 2937 466 2984; x_wconf 92' lang='lat' dir='ltr'><strong>est</strong></span> <span class='ocrx_word' id='word_1_247' title='bbox 482 2929 606 2985; x_wconf 88' lang='lat' dir='ltr'><strong>condicio</strong></span> <span class='ocrx_word' id='word_1_248' title='bbox 628 2937 656 2985; x_wconf 94' lang='lat' dir='ltr'><strong>et</strong></span> <span class='ocrx_word' id='word_1_249' title='bbox 665 2938 788 2992; x_wconf 77' lang='lat' dir='ltr'><strong>matura,</strong></span> <span class='ocrx_word' id='word_1_250' title='bbox 811 2937 842 2984; x_wconf 91' lang='lat' dir='ltr'><strong>ut</strong></span> <span class='ocrx_word' id='word_1_251' title='bbox 864 2945 953 3004; x_wconf 89' lang='lat' dir='ltr'><strong>neque</strong></span> <span class='ocrx_word' id='word_1_252' title='bbox 976 2929 1038 2984; x_wconf 90' lang='lat' dir='ltr'><strong>illae</strong></span> <span class='ocrx_word' id='word_1_253' title='bbox 1060 2947 1129 3003; x_wconf 92' lang='lat' dir='ltr'><strong>quo·</strong></span> 
     </span>
     <span class='ocr_line' id='line_1_33' title="bbox 176 3013 1128 3089; baseline 0.003 -21"><span class='ocrx_word' id='word_1_254' title='bbox 176 3013 257 3068; x_wconf 88' lang='lat' dir='ltr'><strong>modo</strong></span> <span class='ocrx_word' id='word_1_255' title='bbox 273 3014 347 3068; x_wconf 88' lang='lat' dir='ltr'><strong>nasci</strong></span> <span class='ocrx_word' id='word_1_256' title='bbox 363 3015 505 3085; x_wconf 91' lang='lat' dir='ltr'><strong>potuerint</strong></span> <span class='ocrx_word' id='word_1_257' title='bbox 518 3015 637 3088; x_wconf 90' lang='lat' dir='ltr'><strong>perspici</strong></span> <span class='ocrx_word' id='word_1_258' title='bbox 653 3030 741 3089; x_wconf 92' lang='lat' dir='ltr'><strong>neque</strong></span> <span class='ocrx_word' id='word_1_259' title='bbox 757 3016 807 3070; x_wconf 85' lang='lat' dir='ltr'><strong>lrae</strong></span> <span class='ocrx_word' id='word_1_260' title='bbox 823 3014 962 3070; x_wconf 90' lang='lat' dir='ltr'><strong>emendari</strong></span> <span class='ocrx_word' id='word_1_261' title='bbox 978 3014 1046 3070; x_wconf 89' lang='lat' dir='ltr'><strong>satis</strong></span> <span class='ocrx_word' id='word_1_262' title='bbox 1061 3032 1128 3088; x_wconf 89' lang='lat' dir='ltr'><strong>prc-</strong></span> 
     </span>
     <span class='ocr_line' id='line_1_34' title="bbox 175 3096 1128 3174; baseline 0.004 -22"><span class='ocrx_word' id='word_1_263' title='bbox 175 3096 304 3154; x_wconf 90' lang='lat' dir='ltr'><strong>babiliter</strong></span> <span class='ocrx_word' id='word_1_264' title='bbox 329 3107 429 3171; x_wconf 87' lang='lat' dir='ltr'><strong>queant</strong></span> <span class='ocrx_word' id='word_1_265' title='bbox 454 3099 508 3153; x_wconf 92' lang='lat' dir='ltr'><strong>nisi</strong></span> <span class='ocrx_word' id='word_1_266' title='bbox 535 3114 571 3154; x_wconf 80' lang='lat' dir='ltr'><strong>ex</strong></span> <span class='ocrx_word' id='word_1_267' title='bbox 598 3100 677 3172; x_wconf 91' lang='lat' dir='ltr'><strong>ipso</strong></span> <span class='ocrx_word' id='word_1_268' title='bbox 705 3109 831 3173; x_wconf 89' lang='lat' dir='ltr'><strong>poetae</strong></span> <span class='ocrx_word' id='word_1_269' title='bbox 858 3099 1048 3174; x_wconf 80' lang='lat' dir='ltr'><strong>exemplari</strong></span> <span class='ocrx_word' id='word_1_270' title='bbox 1072 3117 1128 3156; x_wconf 90' lang='lat' dir='ltr'><strong>nnn</strong></span> 
     </span>
     <span class='ocr_line' id='line_1_35' title="bbox 176 3181 1129 3259; baseline 0.003 -22"><span class='ocrx_word' id='word_1_271' title='bbox 176 3181 318 3238; x_wconf 91' lang='lat' dir='ltr'><strong>emendato</strong></span> <span class='ocrx_word' id='word_1_272' title='bbox 341 3181 388 3237; x_wconf 91' lang='lat' dir='ltr'><strong>illo</strong></span> <span class='ocrx_word' id='word_1_273' title='bbox 411 3191 438 3238; x_wconf 88' lang='lat' dir='ltr'><strong>et</strong></span> <span class='ocrx_word' id='word_1_274' title='bbox 460 3183 611 3257; x_wconf 89' lang='lat' dir='ltr'><strong>perpolito,</strong></span> <span class='ocrx_word' id='word_1_275' title='bbox 639 3184 688 3248; x_wconf 90' lang='lat' dir='ltr'><strong>sed</strong></span> <span class='ocrx_word' id='word_1_276' title='bbox 709 3186 776 3240; x_wconf 88' lang='lat' dir='ltr'><strong>satis</strong></span> <span class='ocrx_word' id='word_1_277' title='bbox 799 3185 974 3259; x_wconf 91' lang='lat' dir='ltr'><strong>inconposito</strong></span> <span class='ocrx_word' id='word_1_278' title='bbox 997 3184 1129 3240; x_wconf 84' lang='lat' dir='ltr'><strong>festinau-</strong></span> 
     </span>
    </p>
   </div>
   <div class='ocr_carea' id='block_1_5' title="bbox 178 3395 1129 3601">
    <p class='ocr_par' dir='ltr' id='par_1_6' title="bbox 178 3395 1129 3601">
     <span class='ocr_line' id='line_1_36' title="bbox 248 3395 1129 3465; baseline 0.002 -18"><span class='ocrx_word' id='word_1_279' title='bbox 248 3395 275 3462; x_wconf 73' lang='lat' dir='ltr'><strong>*l</strong></span> <span class='ocrx_word' id='word_1_280' title='bbox 298 3398 427 3462; x_wconf 85' lang='lat' dir='ltr'><strong>exempla</strong></span> <span class='ocrx_word' id='word_1_281' title='bbox 449 3399 565 3462; x_wconf 85' lang='lat' dir='ltr'><strong>quaeuis</strong></span> <span class='ocrx_word' id='word_1_282' title='bbox 587 3400 692 3464; x_wconf 79' lang='lat' dir='ltr'><strong>pagina</strong></span> <span class='ocrx_word' id='word_1_283' title='bbox 710 3401 882 3465; x_wconf 82' lang='lat' dir='ltr'><strong>suppeditat3</strong></span> <span class='ocrx_word' id='word_1_284' title='bbox 907 3399 1029 3450; x_wconf 82' lang='lat' dir='ltr'><strong>sufficiet</strong></span> <span class='ocrx_word' id='word_1_285' title='bbox 1048 3402 1129 3463; x_wconf 87' lang='lat' dir='ltr'><strong>quasi</strong></span> 
     </span>
     <span class='ocr_line' id='line_1_37' title="bbox 179 3463 1128 3533; baseline 0.007 -21"><span class='ocrx_word' id='word_1_286' title='bbox 179 3463 267 3529; x_wconf 83' lang='lat' dir='ltr'><strong>digito</strong></span> <span class='ocrx_word' id='word_1_287' title='bbox 280 3470 448 3516; x_wconf 83' lang='lat' dir='ltr'><strong>monstrasse</strong></span> <span class='ocrx_word' id='word_1_288' title='bbox 462 3466 538 3516; x_wconf 87' lang='lat' dir='ltr'><strong>locos</strong></span> <span class='ocrx_word' id='word_1_289' title='bbox 553 3466 650 3530; x_wconf 82' lang='lat' dir='ltr'><strong>quales</strong></span> <span class='ocrx_word' id='word_1_290' title='bbox 663 3470 725 3516; x_wconf 90' lang='lat' dir='ltr'><strong>sunt</strong></span> <span class='ocrx_word' id='word_1_291' title='bbox 743 3469 771 3516; x_wconf 91' lang='lat' dir='ltr'><strong>in</strong></span> <span class='ocrx_word' id='word_1_292' title='bbox 784 3468 905 3518; x_wconf 88' lang='lat' dir='ltr'><strong>Hercule</strong></span> <span class='ocrx_word' id='word_1_293' title='bbox 919 3484 946 3520; x_wconf 87' lang='grc' dir='ltr'><strong>ιι.</strong></span> <span class='ocrx_word' id='word_1_294' title='bbox 960 3471 993 3519; x_wconf 84' lang='grc'><strong>36</strong></span> <span class='ocrx_word' id='word_1_295' title='bbox 1005 3483 1062 3533; x_wconf 87' lang='lat' dir='ltr'><strong>sqq.</strong></span> <span class='ocrx_word' id='word_1_296' title='bbox 1078 3471 1128 3520; x_wconf 76' lang='lat' dir='ltr'><strong>eat</strong></span> 
     </span>
     <span class='ocr_line' id='line_1_38' title="bbox 178 3533 920 3601; baseline 0.011 -21"><span class='ocrx_word' id='word_1_297' title='bbox 178 3533 229 3582; x_wconf 82' lang='grc'><strong>675</strong></span> <span class='ocrx_word' id='word_1_298' title='bbox 244 3535 317 3587; x_wconf 88' lang='grc'><strong>1311.</strong></span> <span class='ocrx_word' id='word_1_299' title='bbox 343 3535 455 3586; x_wconf 85' lang='lat' dir='ltr'><strong>uberius</strong></span> <span class='ocrx_word' id='word_1_300' title='bbox 468 3534 522 3585; x_wconf 86' lang='lat' dir='ltr'><strong>hae</strong></span> <span class='ocrx_word' id='word_1_301' title='bbox 535 3533 568 3586; x_wconf 89' lang='lat' dir='ltr'><strong>de</strong></span> <span class='ocrx_word' id='word_1_302' title='bbox 581 3550 610 3586; x_wconf 89' lang='lat' dir='ltr'><strong>re</strong></span> <span class='ocrx_word' id='word_1_303' title='bbox 623 3534 698 3586; x_wconf 78' lang='lat' dir='ltr'><strong>infra</strong></span> <span class='ocrx_word' id='word_1_304' title='bbox 712 3535 920 3601; x_wconf 82' lang='lat' dir='ltr'><strong>disputabimus.</strong></span> 
     </span>
    </p>
   </div>
   <div class='ocr_carea' id='block_1_6' title="bbox 0 0 1175 3922">
    <p class='ocr_par' dir='ltr' id='par_1_7' title="bbox 0 0 1175 3922">
     <span class='ocr_line' id='line_1_39' title="bbox 0 0 1175 3922; baseline 0 0"><span class='ocrx_word' id='word_1_305' title='bbox 0 0 1175 3922; x_wconf 95' lang='lat' dir='ltr'><strong> </strong></span> 
     </span>
    </p>
   </div>
  </div>
 </body>
</html>
