2326 3922
360 237 544 286 uuuovuus
562 223 751 306 [onrnuvs]
949 221 1012 286 389

91 390 226 441 mentem
242 396 296 458 per
312 387 393 440 artus
408 379 494 440 adeat
509 387 538 440 et
555 380 674 439 tacitum
690 381 818 439 intumas
1030 386 1080 436 540

90 467 187 525 intret
201 463 353 526 medullas.

92 563 197 609 uvru.
395 550 478 609 ouius
492 549 570 609 iussa
588 564 732 626 exsequar

94 633 227 701 alumna,
246 631 387 711 precibus
401 640 433 694 tu
450 633 538 693 deum
555 633 696 692 inuiotum
713 630 824 692 aduoea

94 719 147 796 qui
161 727 241 779 certa
258 725 359 778 tenera
376 716 433 778 tela
448 717 573 785 ¹dimittit
588 734 686 777 manu.

94 815 215 863 numu.
231 808 260 862 te
276 802 422 881 deprecor
437 820 524 880 quem
541 801 669 862 mundus
685 807 714 861 et
729 801 829 880 superi
844 801 949 861 timent

95 897 125 947 et
139 905 252 965 aequor
268 895 299 946 et
312 887 362 965 qui
377 885 488 946 fulmen
505 893 658 946 aetnaeum
675 885 771 963 quatis

94 971 225 1032 timendo
242 972 327 1032 matri
342 977 372 1031 te
387 970 479 1048 aliger
495 988 602 1032 saeuae
618 988 708 1047 puer:

95 1055 215 1116 intende
231 1063 311 1116 certa
328 1054 471 1133 spieulum
489 1054 576 1116 uelox
593 1072 681 1115 manu

94 1157 152 1200 uon
169 1159 205 1200 ex
220 1141 333 1218 sagittis
348 1139 476 1210 leuibus,
495 1159 530 1200 ex
546 1156 650 1200 umero
665 1156 775 1218 precor

94 1224 236 1301 deprome
252 1226 373 1303 grauius
388 1224 466 1304 quod
483 1232 550 1285 tuae
566 1223 696 1284 nondum
712 1241 817 1284 manus

93 1311 203 1369 misere
217 1309 247 1368 in
263 1307 407 1388 aliquem:
429 1327 489 1369 nou
505 1309 564 1370 leui
580 1307 639 1369 telo
657 1314 700 1368 est
718 1325 808 1386 opus,

94 1400 126 1453 ut
141 1411 242 1453 amare
257 1394 351 1471 possit
365 1392 518 1455 Hercules.
548 1393 647 1470 rigido
663 1410 753 1454 manu

94 1477 214 1538 intende
231 1484 261 1538 et
276 1495 378 1539 areum
395 1478 536 1539 cornibus
550 1479 657 1538 iuuetis
673 1495 753 1557 para.

94 1580 174 1622 nuno
189 1580 269 1623 nune
284 1563 417 1640 sagittam
434 1581 539 1642 prome
554 1582 610 1642 qua
628 1563 777 1640 quondam
794 1562 948 1623 horridum

95 1646 197 1708 Iouem
213 1648 327 1724 petisti,
343 1647 466 1708 fulmine
482 1646 597 1708 abiecto
613 1648 686 1708 deus

94 1748 160 1791 eum
178 1730 277 1792 fronto
292 1731 389 1793 subita
406 1733 513 1792 tumuit
528 1739 558 1792 et
571 1731 707 1793 rabidum
725 1751 807 1794 mare

94 1824 197 1876 taurus
212 1815 328 1894 puellae
343 1825 446 1877 uector
461 1818 590 1896 assyriae
605 1817 700 1877 seidit.

94 1901 211 1960 inmitte
227 1919 367 1962 amorem.
399 1903 499 1963 uiueat
516 1901 650 1980 exempla
668 1904 774 1963 omnia.

94 2001 195 2044 amare
211 1984 303 2046 diseat
318 1987 484 2064 coniugem.
515 1989 539 2045 si
556 2004 629 2064 quas
644 1987 734 2048 decor

93 2064 170 2128 loles
185 2070 291 2129 inussit
305 2072 418 2148 pectori
434 2070 574 2131 herculeo
590 2071 685 2142 laces,

94 2154 232 2228 extingue
249 2161 338 2215 totas:
361 2154 501 2234 perbibat
514 2154 648 2216 ssaurmas
664 2157 731 2217 mei.

93 2244 122 2297 tu
139 2237 345 2300 fulminantem
362 2258 451 2302 saeue
467 2240 607 2300 domuisti
623 2240 736 2311 Iouem,

91 2329 121 2381 tu
139 2321 225 2383 iurua
241 2324 317 2401 nigri
334 2331 449 2402 sceptra
467 2331 630 2402 gestantem
648 2325 708 2403 poli

91 2405 197 2467 turbae
212 2407 318 2468 ducem
334 2410 456 2470 maioris
473 2418 501 2469 et
517 2409 668 2470 dominum
685 2411 794 2489 Stygis:

156 2577 208 2627 540
225 2580 398 2642 mentemque
412 2579 464 2629 BG
481 2578 576 2628 lente
595 2584 635 2629 uel
652 2581 776 2629 sensim
796 2580 871 2631 NHs.
884 2576 896 2645 Η
908 2581 1010 2630 tacitus

88 2657 149 2692 mas
170 2643 198 2693 E
227 2646 332 2696 tacitus
354 2646 459 2709 imese
483 2647 640 2696 Heinsianus
657 2649 738 2697 minor
767 2651 859 2698 taetus
881 2649 951 2698 imos
970 2649 1011 2697 uu

88 2714 183 2760 taetus
202 2712 279 2762 sinus
297 2714 322 2763 A
352 2718 455 2764 tautum
477 2715 564 2763 eieins
584 2715 619 2763 el'
639 2716 757 2766 sinusR
786 2719 864 2766 tectu
883 2716 1010 2768 intimes

87 2778 198 2843 Lipsius
226 2781 348 2830 tacitum
367 2781 505 2831 intumas
526 2783 604 2834 Grou.
622 2790 648 2832 et
666 2783 741 2836 NHs.
765 2780 777 2850 ΗΗ
800 2785 849 2834 541
869 2784 957 2834 Intret
976 2785 1010 2834 ud

87 2860 123 2896 m.
142 2846 169 2895 Ε
193 2847 228 2896 ad
246 2864 293 2898 om.
312 2850 337 2899 A
367 2845 379 2910 Η
407 2851 457 2899 544
475 2850 515 2898 Te
533 2850 666 2915 deprecor
683 2851 708 2899 E
731 2851 770 2901 Te
789 2856 817 2901 te
835 2867 932 2915 precor
950 2853 975 2902 A
996 2853 1008 2915 Η

88 2914 139 2965 545
158 2917 251 2979 quatit
264 2932 286 2965 oo
304 2917 403 2980 qualis
415 2917 466 2969 Bo.
482 2913 495 2982 Η
512 2918 562 2966 546
580 2922 608 2967 le
627 2919 716 2983 eliger
733 2919 759 2968 E
776 2919 878 2984 teliger
890 2920 915 2969 A
932 2915 943 2984 Η
960 2920 1010 2970 548

88 2996 122 3030 ex
140 2997 161 3032 s.
182 2979 229 3049 ωΗ
242 2999 275 3034 ex
288 2985 419 3035 umeroE
438 2986 616 3036 enumeroA
634 2982 645 3050 Η
663 2988 712 3038 549
732 2985 855 3036 Greuide
873 3002 965 3052 prome
984 2987 1010 3036 E

87 3047 225 3101 Grauiore
243 3053 338 3116 profer
355 3053 380 3100 A
399 3053 538 3118 Deprome
557 3055 681 3118 grauius
699 3056 794 3117 scripsi
804 3051 816 3119 Η
835 3055 883 3104 551
903 3055 1008 3121 rigidas

87 3132 188 3167 manus
207 3121 248 3170 εΑ
265 3119 361 3185 rigido
378 3136 467 3170 mauu
485 3122 561 3171 Nlls.
575 3117 586 3187 Η
599 3123 648 3172 553
667 3123 781 3171 condem
801 3123 827 3172 Ε
839 3119 850 3188 Η
862 3122 972 3173 horridri
983 3123 1009 3172 Ε

87 3183 215 3264 lrorridus
233 3187 259 3236 A
272 3184 284 3254 Η
300 3189 351 3240 555
370 3188 521 3269 5555551εΑ
542 3191 639 3240 subito
659 3191 798 3270 Arcensius
810 3186 822 3257 Η
839 3193 939 3271 tumuit
957 3191 1009 3253 (uit

87 3253 733 3390 muldeina)fed1tt¹ff¹fi¹dsdedndaglddudn
748 3256 1008 3391 gntdfflffil‘dsd

87 3387 164 3439 Ioles
183 3390 287 3441 inussit
304 3391 330 3440 Ε
359 3393 476 3443 Immisit
493 3393 566 3444 Ioles
584 3395 609 3443 A
639 3390 650 3458 Η
680 3395 730 3445 560
752 3397 827 3443 totus
849 3391 874 3440 Ε
893 3399 911 3445 t.
930 3391 1006 3442 NHe.

88 3455 239 3522 Extingne.
264 3458 349 3510 Totus
368 3460 497 3525 perbibat
515 3461 591 3511 NHo.
622 3465 696 3512 totas
715 3461 755 3513 εΑ
779 3457 793 3529 Η
813 3461 933 3511 formem
952 3463 1015 3509 mei

88 3525 130 3574 Mt*
141 3521 153 3591 Η
165 3526 215 3576 551
235 3540 320 3591 saepe
333 3529 373 3577 eA
389 3543 483 3578 saeue
496 3531 598 3594 serpsi.
611 3526 624 3598 Η
637 3533 687 3583 552
707 3532 794 3584 furuu
808 3532 849 3584 eA
867 3529 955 3582 iuluu
964 3524 1022 3595 tull
