2326 3922
154 225 218 290 286
439 239 469 284 L.
486 236 620 283 aunam
635 235 792 284 sunnone

155 380 343 458 magnificum
361 385 390 436 et
405 377 511 452 ingens
527 374 604 436 nulla
621 375 698 454 quod
715 378 811 453 rapiat
826 377 905 445 dies,

156 464 298 543 prodesse
314 463 446 528 miseris,
463 459 611 537 supplices
627 461 684 521 fido
701 461 763 521 lare

155 558 323 627 protegere.
355 545 449 605 solum
465 545 523 604 hoc
539 544 670 623 colchica
686 564 779 623 regno
796 545 888 606 extuli

155 636 245 695 decus
262 631 332 692 illud
348 633 451 708 ingens
467 629 577 706 gloriae
593 624 696 690 liorem
714 630 846 690 inclitum

154 719 300 798 praesidia
317 717 440 776 aciriuae
456 716 550 791 gentis
567 721 595 774 et
610 714 724 792 prolem
741 715 828 776 deum

155 822 291 864 seruasse
308 807 426 860 memet.
852 808 855 814 ’

139 893 145 912 ’
464 883 571 943 Munus
588 891 631 943 est
647 882 783 962 Orpheus
800 904 900 946 meum

156 973 224 1052 [qui
237 989 318 1032 saxa
332 977 426 1030 cantu
441 972 549 1028 mulcet
563 976 592 1029 et
604 972 699 1030 siluas
714 968 829 1049 trahit]

155 1059 364 1135 geminumque
381 1070 490 1112 munus
506 1052 607 1112 Castor
624 1061 652 1112 et
667 1052 770 1113 Pollux
787 1073 886 1114 meum
903 1064 947 1114 est

154 1143 266 1219 satique
283 1142 378 1200 Borea
396 1139 506 1215 quique
524 1146 607 1198 trans
623 1138 749 1198 Pontum
766 1158 885 1218 quoque

154 1232 299 1287 summota
315 1225 450 1303 Lynceus
467 1223 577 1283 iumine
593 1224 715 1282 inmisso
732 1223 814 1283 uidet

155 1328 316 1387 omnesque
332 1308 461 1384 Minyae:
487 1325 556 1367 nam
573 1307 679 1367 ducem
697 1314 779 1368 taceo
795 1307 904 1368 ducum

85 1403 88 1409 “
154 1413 208 1473 pro
225 1413 282 1472 quo
299 1390 372 1453 nihil
388 1390 530 1462 debetur,
544 1393 627 1452 'hunc
643 1389 714 1451 nulli
729 1393 849 1470 inputo:
924 1429 932 1438 ,

155 1479 241 1540 uobis
256 1479 360 1537 reuexi
376 1486 506 1546 ceteros,
523 1495 614 1536 unum
632 1478 712 1537 mihi.

120 1577 136 1626 d
196 1561 929 1641 incessenuncetcunctaflagitiaingere.

110 1680 112 1685 ,
154 1647 285 1708 fatebor:
310 1647 386 1705 obici
403 1649 516 1708 crimen
535 1647 590 1705 hoc
606 1645 701 1706 solum
718 1653 817 1723 potest

153 1735 232 1809 Argo
248 1749 380 1791 reuersa.
413 1732 521 1809 uirgini
539 1730 654 1809 placeat
670 1732 766 1807 pudor

153 1825 296 1895 paterque
313 1815 440 1892 placeat:
465 1823 523 1876 tota
542 1834 608 1875 cum
626 1814 751 1875 ducibus
766 1822 833 1876 ruet

153 1901 272 1979 pelasga
289 1899 389 1969 telius,
406 1900 465 1959 lric
482 1909 549 1960 tuus
565 1901 694 1978 primum
710 1916 827 1976 gener

153 1988 230 2045 tauri
247 1986 354 2045 l'erocis
370 2003 421 2044 ore
437 1985 599 2044 flammanti
615 1985 739 2044 occidet.

121 2099 135 2132 e
197 2071 327 2128 Fortuna
344 2087 461 2128 causam
479 2087 553 2145 quae
569 2067 648 2129 uolet
664 2077 795 2129 nostram
811 2077 943 2148 premat,

154 2172 212 2213 non
228 2154 358 2233 paenitet
374 2172 509 2214 seruasse
525 2160 568 2213 tot
583 2170 687 2229 regum
704 2153 803 2214 decus.

154 2240 361 2319 quodcumque
378 2237 464 2317 culpa
483 2240 646 2316 praemium
664 2257 698 2297 ex
715 2240 796 2297 omni
813 2237 881 2308 tuli,

153 2324 210 2384 hoc
227 2331 282 2384 est
298 2342 411 2401 penes
426 2332 467 2382 te.
501 2325 525 2382 si
540 2321 651 2401 placet:
675 2321 781 2383 damu'a
796 2341 894 2392 ream,

153 2407 204 2468 sed
221 2408 334 2467 redde
352 2409 501 2468 crimen,
532 2408 978 2470 sumnocenslateorssreo

120 2495 143 2554 θ’
196 2491 318 2552 Talem
336 2492 486 2553 sciebas
503 2511 597 2562 esse,
615 2510 682 2551 curn
698 2510 793 2570 genua
810 2493 892 2569 attigi

153 2577 300 2654 firlemque
316 2577 440 2655 supplex
458 2577 601 2656 praesidis
617 2577 718 2636 dextra
735 2578 803 2656 peti.

221 2919 270 2966 223
289 2932 318 2965 ra
340 2917 379 2965 iet
398 2931 416 2965 ot
439 2911 451 2982 l}
474 2916 523 2964 226
542 2916 672 2980 graeciae
691 2915 732 2965 Αε
755 2914 863 2981 gloriae
882 2917 945 2976 ψΕ
956 2924 975 2966 t.
991 2917 1034 2967 Gr.
1054 2916 1065 2977 ΙΙ

153 2985 202 3034 229
221 2986 303 3033 deterri
314 2933 388 3050 illm)
406 2984 564 3047 geminique
583 2986 614 3032 ci.
634 2979 826 3048 Menocrito
844 2999 935 3034 meum
955 2990 998 3034 est
1014 2984 1068 3034 mitt

151 3058 295 3166 flfflcmp
312 3052 335 3132 ll.
353 3054 401 3101 233
426 3050 746 3168 dpcumttace2o34ducppn
766 3052 790 3099 Α
820 3050 919 3168 dtucppn
934 3048 1067 3170 lfslllaceo

152 3134 261 3250 pu‘l
290 3114 581 3251 [titillantia
593 3133 708 3235 ocull
721 3134 880 3252 lmfllgila
900 3136 970 3238 alu
982 3135 1070 3256 tillo

151 3255 254 3318 primus
273 3254 297 3304 Α
316 3255 430 3320 primum
450 3250 497 3320 up
513 3255 562 3303 241
581 3252 813 3304 rinnocrsonu
828 3278 835 3292 ·
848 3254 1070 3320 antoninus

151 3323 240 3372 [iecor.
272 3323 291 3375 f.
311 3338 335 3375 o.
353 3323 484 3385 flagranti
502 3322 526 3370 Α
555 3322 575 3373 f.
594 3338 617 3372 o.
637 3321 789 3372 flammanti
806 3322 832 3372 E
861 3321 874 3391 [l
901 3326 952 3376 242
971 3322 1070 3390 quad

153 3405 223 3454 quae
243 3392 292 3456 Εψ
315 3387 326 3457 ΙΙ
350 3391 400 3440 ‘244
418 3389 483 3438 tulit
501 3390 527 3439 Ε
550 3389 603 3439 tuli
621 3390 645 3439 A
668 3386 680 3455 [l
704 3392 753 3441 248
771 3388 896 3456 petijquo
914 3394 1035 3459 supplex
1052 3405 1072 3441 α

152 3457 392 3592 greipppppptisupppl.
410 3456 491 3521 ψεΜ
503 3453 515 3523 Η
533 3456 646 3508 dextrae
666 3458 745 3510 fidem
765 3475 783 3508 α
801 3458 898 3511 dextre
916 3460 990 3528 peeij
1009 3460 1075 3527 ψῐῶ
