2326 3922
158 226 270 274 xxxv1
532 223 731 272 PRAEFATIO

158 386 232 460 picta
247 393 325 440 erant
340 401 415 440 erasa
431 391 504 440 sunt.
534 383 593 440 iot.
611 382 671 441 165
693 382 740 440 ubi
755 382 883 440 hercules
898 384 1035 440 cethaeus
1052 385 1136 442 tinia

161 477 205 536 tur
220 470 287 526 baec
300 468 444 541 leguntur:
466 467 568 525 Senece
583 475 665 541 poete
681 468 878 541 'lragediarnm
898 467 970 525 liber
986 469 1125 528 decimus

160 561 188 609 et
206 553 319 610 ultimus
345 556 391 628 qni
407 553 534 610 hercules
554 551 669 608 cetheus
685 552 843 609 nominatur
863 553 908 608 bic
922 551 1048 610 feliciter
1068 573 1124 612 ex·

159 637 246 711 plicit.
281 637 334 694 lieo
364 639 475 712 gratias.
505 638 619 694 Amen’
668 636 741 693 lnira
775 654 842 694 auro
872 638 978 711 pictum
1009 656 1121 696 nomen

159 719 320 779 ‘Nicolaus'
343 730 371 778 et
391 729 542 778 atramento
563 721 644 795 nigro
666 721 782 795 scripta:
809 720 871 777 ‘Sit
890 738 992 778 nomen
1008 723 1121 781 domiui

160 806 344 864 benedictum.
373 807 411 863 Er
426 807 479 863 hoc
494 815 607 863 nuncet
623 807 754 880 usquein
769 804 919 863 seculum'.
948 807 1118 866 Glossarum

159 891 349 965 marginalium
375 908 425 965 per
445 898 534 948 totum
554 890 655 946 librum
681 889 818 947 uberrima
840 889 953 965 copia*)
981 894 1052 950 item
1074 896 1118 950 in-

160 973 337 1031 terlinearum
358 977 452 1032 in1111
473 977 567 1049 primis
588 974 736 1047 tragoediis
757 983 784 1031 et
804 983 882 1050 parte
897 982 955 1033 vat
988 978 1121 1053 Scriptae

161 1066 226 1115 sunt
240 1060 403 1116 nitidissime
424 1067 452 1116 et
473 1058 613 1117 abeodem
629 1067 756 1116 manunt
772 1061 883 1117 uidetur
901 1068 1044 1118 autentus
1062 1073 1116 1120 tra·

161 1144 328 1219 goediarum.

225 1259 1112 1338 (lothannachartaceusn.256lolcnxvrrnlineaeplumbo

162 1348 258 1404 ductae
282 1347 309 1404 in
330 1347 410 1422 plena
430 1348 528 1420 pagina
550 1345 600 1404 34.
637 1345 761 1420 Scriptus
782 1356 825 1403 est
847 1365 919 1407 saec.
935 1364 993 1406 xro
1013 1365 1111 1423 parum

162 1432 290 1493 adcurate
310 1432 359 1489 sed
378 1429 542 1488 luculenter.
578 1431 701 1487 continet
721 1449 743 1487 x
768 1432 926 1505 tragoedias
947 1433 1047 1489 eodem
1070 1451 1114 1490 or·

161 1516 224 1573 dine
251 1532 282 1572 ac
303 1515 333 1571 G.
362 1522 521 1586 argumenta
541 1516 657 1590 singulis
677 1516 826 1588 tragoediis
852 1519 1021 1590 praemissa,
1050 1536 1113 1592 per·

163 1617 291 1657 sonarum
313 1607 394 1656 notae
415 1600 608 1674 inscriptiones
631 1599 848 1674 subscriptiones
870 1603 983 1657 omnino
1006 1601 1114 1659 deside·

165 1694 269 1743 rantur.
301 1684 393 1741 Scatet
407 1683 512 1740 lacunis
528 1686 630 1741 incuria
645 1684 740 1741 librari
757 1684 835 1741 ortis.

226 1803 376 1877 Vtrumque
392 1802 546 1860 Gothanum
568 1810 600 1858 ut
615 1803 693 1859 alteri
714 1811 841 1860 nostrum
855 1803 1007 1859 Posnaniae
1022 1803 1116 1860 hieme

163 1882 340 1946 uncoonxss
354 1890 490 1962 inspicere
505 1888 603 1943 liceret
617 1886 718 1943 iactum
739 1895 781 1943 est
797 1887 963 1945 liberalitate
986 1888 1116 1944 uirorum

163 1941 370 2063 doctorumlliui
385 1988 567 2045 bibliothecae
583 1987 671 2044 ducali
688 1990 823 2062 gothanae
839 1997 982 2063 praesunt.

86 2107 166 2166 Vrat.
232 2103 563 2165 vratislauionsis
590 2104 655 2161 bibl.
676 2122 734 2179 reg.
756 2109 832 2163 nnin.
853 2108 940 2164 chart.
960 2123 994 2165 1v
1015 2107 1048 2175 Q.
1066 2106 1117 2164 58.

166 2191 247 2249 Liber
262 2193 289 2248 B.
302 2192 333 2247 V.
346 2192 444 2248 Mariae
460 2193 488 2270 in
503 2190 620 2247 lubens.
638 2207 691 2247 scr.
712 2208 737 2247 a.
755 2189 847 2248 1492.
864 2192 965 2247 desinit
981 2192 1118 2266 indgam.

166 2296 193 2334 u.
211 2279 259 2336 61.
275 2275 399 2334 conlatus
416 2276 448 2332 ab
465 2275 553 2332 altero
569 2283 692 2331 nostrum
708 2293 731 2331 a.
748 2285 933 2334 unoccuvn.

231 2413 279 2469 llis
294 2412 433 2470 codicibus
455 2410 569 2468 addendi
585 2417 649 2466 sunt
665 2417 722 2466 tres
738 2427 854 2483 quornm
870 2411 995 2484 pleniore
1016 2410 1119 2467 notitia

168 2498 209 2553 uti
225 2496 323 2553 licebat
338 2499 367 2552 in
382 2495 498 2552 Hercule
512 2497 620 2569 priore:

80 2608 164 2673 popu
231 2611 470 2672 Turonensis
489 2611 506 2670 1
527 2621 555 2668 et
574 2609 613 2669 11.
651 2611 690 2667 ct.
711 2611 933 2684 Wollenbergius
954 2613 982 2667 in
998 2611 1028 2669 Ζ.
1049 2613 1069 2668 l.
1087 2612 1119 2668 G.

169 2700 254 2757 1860
273 2716 346 2755 x1111
372 2717 400 2773 p.
422 2698 528 2755 716-
542 2697 612 2755 718.
660 2694 738 2753 Alter
757 2691 834 2769 (Y1)
856 2704 898 2751 est
919 2696 978 2753 cod.
1001 2696 1118 2756 membr.

168 2801 239 2847 saec.
255 2801 297 2842 xv
312 2786 349 2840 in.
380 2785 409 2839 ln
426 2782 497 2839 fine:
520 2781 691 2855 ‘Expliciunt
708 2781 827 2855 tragedie
843 2780 955 2838 Seuere.
985 2780 1041 2837 lieo
1057 2797 1120 2854 gra·

234 2981 257 3045 ¹³)
276 2983 336 3032 Ioci
349 2996 449 3032 caussa
468 2979 623 3045 exemplum
636 2980 743 3031 damus.
779 2977 824 3028 Ad
836 2977 905 3031 Oed.
916 2979 966 3028 407
985 2982 1031 3028 ‘et
1049 2977 1121 3030 utte-

168 3051 225 3100 rius
247 3048 397 3099 notandum
420 3049 491 3114 quod
513 3047 605 3097 nullus
624 3063 704 3097 corus
722 3047 812 3096 tocius
833 3045 900 3095 libri
921 3047 1015 3095 estin
1032 3050 1122 3097 metro

167 3125 225 3166 tam
246 3117 340 3166 narius
356 3131 420 3165 nam
438 3118 548 3166 constat
566 3130 600 3165 ex
617 3114 705 3165 datilo
724 3116 863 3165 exametro
880 3113 993 3162 heroico
1016 3128 1123 3178 anape-

168 3185 239 3236 stico
257 3184 424 3234 coriambico
448 3187 476 3233 et
492 3182 554 3248 plus
573 3197 655 3246 quom
678 3181 879 3246 tetrastrophos
896 3179 1002 3231 alicubi
1023 3181 1122 3244 itaque

170 3255 268 3303 contre
279 3251 414 3315 Regulam
432 3251 498 3301 dare
510 3251 646 3316 nequiuit.
682 3251 720 3298 Et
731 3253 824 3313 potest
835 3264 892 3298 unc
905 3249 1015 3312 opinari
1033 3263 1123 3299 causo

170 3335 253 3387 quere
270 3320 312 3370 sic
328 3323 412 3385 poeta
430 3318 540 3370 fecerit.
574 3319 646 3369 Nam
663 3316 709 3366 hic
727 3315 813 3366 multe
832 3330 950 3381 persone
969 3316 1123 3380 loquuntur

170 3390 257 3440 etsie
281 3389 404 3453 oportuit
425 3391 542 3436 metrum
563 3384 754 3451 multipliciter
771 3386 880 3434 uariare
903 3387 932 3433 et
949 3384 979 3433 in
996 3383 1070 3434 festo
1094 3389 1124 3434 et

171 3456 311 3508 sacrificio
323 3455 425 3506 bacchi
440 3454 526 3504 bene
539 3453 708 3518 potabant
721 3467 833 3503 omnes
852 3455 879 3502 et
892 3453 933 3502 sic
946 3452 1034 3502 bene
1047 3451 1124 3517 poti

169 3526 264 3575 unrie
282 3524 540 3588 loquebantur'.
