2326 3922
429 155 628 206 PRAEFATIO

86 307 156 365 (tum
168 326 235 362 usus
249 327 311 362 eras
322 311 500 375 humerisque
513 312 568 362 tuis

124 379 196 430 fulta
207 395 226 443 p
240 381 337 430 cinuos
349 384 441 430 tecum
454 380 554 430 cecidit
567 381 674 430 somnus
688 381 779 447 quelia

85 444 237 498 Haectoris
248 446 322 497 idem
334 448 425 514 patria
437 449 483 512 qui
495 449 551 498 fuit
562 448 664 498 uestita

124 516 230 581 priamo
242 519 352 566 uestros
364 514 472 566 fundite
484 517 565 567 fletus
578 517 646 566 satis

87 611 228 681 Choaccip
242 620 318 668 ester
329 616 436 685 phrigiq
449 593 558 683 planctus

123 685 222 750 accipe
234 686 316 735 fletus
328 686 372 736 bis
385 690 468 749 capte
481 701 567 736 senex

85 748 140 868 llil1
142 754 229 870 33:31
231 751 322 886 gagg}
323 757 361 871 0te
374 768 440 820 rege
453 753 517 803 tulit
530 752 573 804 bis
586 752 693 818 pulsari
704 754 776 803 uidit

86 917 207 972 Moenus
216 922 290 972 ferro
302 923 400 988 bisque
412 922 557 987 pharetras
569 937 653 988 passa
664 898 799 974 hgfuleas

122 993 203 1054 porte
214 989 288 1042 latos
299 990 414 1056 haecubp
425 996 520 1055 partus
532 1007 562 1040 re
576 1028 582 1040 .
598 1029 603 1040 .
620 1030 626 1042 .
641 1029 647 1042 .
661 989 682 1056 ⁴)

86 1054 235 1109 Postrema
248 1062 327 1124 peter
338 1059 438 1107 funera
451 1057 539 1108 cludis
553 1096 733 1111 .........

125 1125 318 1191 caefsulliguea
330 1126 432 1190 premis
444 1126 531 1176 litter
543 1141 559 1175 a
573 1125 593 1189 5)
609 1164 725 1177 ......

86 1189 170 1243 llaec
185 1193 241 1244 alio
255 1193 386 1243 lacrimas
397 1193 501 1244 flectite
513 1191 578 1243 iiras
590 1209 644 1243 non
658 1199 729 1260 estp
744 1232 749 1245 .
766 1231 772 1244 .
789 1231 794 1244 .
809 1232 817 1246 .

124 1261 284 1311 miseranda
296 1275 339 1310 me
351 1275 423 1311 mors
435 1261 535 1311 iliades
545 1260 615 1310 'felix
627 1261 725 1325 priami

88 1323 184 1378 Dicite
198 1333 299 1378 cuncte
312 1329 384 1378 liber
396 1344 490 1378 manea
502 1328 582 1379 uadit
595 1328 712 1378 adimes

124 1395 182 1446 Nec
196 1397 269 1447 ieret
281 1410 410 1459 umquam
421 1397 497 1446 uicta
510 1411 625 1462 greuum
639 1396 750 1446 ceruice
763 1395 830 1460 iugi

88 1459 150 1514 Non
161 1463 210 1514 ille
222 1463 291 1514 duos
303 1464 379 1515 uidet
390 1463 497 1514 triades
509 1479 561 1514 nec
575 1463 706 1514 fallacem

125 1531 213 1581 cernit
224 1531 320 1582 ulixen
332 1547 387 1583 uon
400 1531 518 1598 argolici
528 1531 582 1598 pda
595 1531 726 1597 triumphi

88 1594 225 1650 Subiecta
237 1599 311 1650 feret
324 1599 395 1651 colle
408 1600 513 1665 trcpeis
525 1614 580 1651 non
593 1599 628 1649 ud
641 1604 753 1665 sceptra

123 1714 223 1751 manus
237 1702 432 1768 potergadabit
444 1716 525 1768 agam
537 1676 677 1752 melncnics
692 1716 776 1751 aurea

126 1767 225 1819 dextra
237 1769 350 1820 uincula
362 1771 428 1820 lutis
441 1770 489 1819 fiet
500 1785 599 1835 pompa
610 1770 727 1819 micenis

87 1831 220 1888 Ghofelix
232 1838 354 1902 priamus
366 1837 482 1887 dicimus
496 1853 589 1903 omnes
602 1851 696 1887 secum
710 1835 846 1887 excedens

126 1918 177 1953 sua
190 1920 277 1970 regna
289 1904 353 1954 tulit
367 1920 440 1955 nunc
453 1908 482 1956 ct
495 1905 622 1968 lysumen
633 1904 707 1954 horis
721 1905 788 1954 tutis

127 1977 203 2022 errat
215 1973 244 2023 in
256 1974 359 2023 umbria
372 1972 472 2037 inique
488 1973 549 2037 pias
561 1973 630 2024 felix
644 1973 751 2023 animas
764 1972 816 2038 hec

126 2041 283 2104 turaquerit
296 2040 364 2090 felix
377 2041 499 2106 priamus
513 2041 582 2091 felix
595 2039 722 2105 quisquis
734 2039 807 2090 bello

125 2109 246 2159 moriens
259 2108 350 2158 omnia
363 2123 456 2159 secum
468 2113 629 2174 consumpta
640 2108 716 2159 tulit.

252 2241 341 2276 simu.
354 2241 460 2278 TEXTUS
472 2242 509 2278 EX
522 2241 684 2277 uuicouutl.
696 2241 816 2276 ΜΕΒΕΛΕ.

91 2324 232 2381 Chouulla
243 2328 286 2378 uis
299 2328 376 2379 fleme
391 2329 490 2379 tumidi
503 2329 596 2379 euenti
608 2332 688 2378 tanta

127 2400 212 2445 necta
224 2394 293 2445 lima
305 2396 410 2446 uendat
422 2401 527 2460 quanta
541 2399 575 2447 cir
587 2397 669 2447 iiunx
681 2393 796 2444 uiduata

129 2463 209 2513 ardet
221 2466 249 2512 et
262 2463 320 2513 odit
332 2478 387 2514 non
401 2463 449 2514 ubi
460 2464 591 2515 hibernos
604 2463 747 2513 nubilosus
760 2460 863 2511 imbres

90 2529 197 2582 Auster
208 2530 287 2579 duxit
299 2536 418 2597 pperate
429 2532 517 2582 hister
530 2536 558 2583 et
572 2535 686 2582 cunctos
698 2530 789 2580 udrate

128 2613 255 2663 acuagua
269 2604 331 2650 erat
343 2615 397 2651 non
409 2599 457 2649 ubi
470 2598 551 2665 pullit
563 2600 682 2650 rodanus
695 2598 828 2662 pfundum

435 2667 482 2718 fol.
495 2669 528 2718 58
540 2672 624 2722 recto.

36 2762 42 2772 ·
130 2738 180 2782 aut
191 2733 240 2784 ubi
252 2734 281 2784 iu
293 2735 368 2786 riuos
380 2735 490 2786 niuibus
504 2734 600 2786 solutis
613 2734 729 2786 soleiam
742 2732 840 2797 sorsat)

125 2801 272 2880 medioque
284 2817 351 2853 uere
554 2804 644 2853 tebuit
655 2803 765 2854 themis.

88 2865 201 2922 Caecus
214 2885 253 2919 ·e·
266 2872 341 2936 ignis
353 2871 510 2922 stimulatus
521 2873 564 2922 ira
576 2887 628 2922 nec
641 2871 700 2938 regi
713 2872 786 2922 iurat

125 2936 235 3003 patitur
246 2937 377 2988 nefrenos
391 2944 438 2989 aut
450 2941 530 2990 timet
542 2943 657 2990 mortem
670 2940 764 3006 cupit
772 2937 794 3000 ⁷)

125 3005 167 3054 ire
181 3007 210 3054 in
222 3005 298 3071 ipsos
312 3004 364 3056 cho
377 3006 475 3057 obuius
488 3023 577 3060 enses.
612 3023 649 3057 nx
666 3023 780 3058 aonrrer
793 2998 843 3057 ru.

87 3070 189 3125 Effusa
202 3073 329 3125 redimite
343 3089 476 3125 commem
489 3079 605 3125 natante
618 3076 740 3126 corimbo

124 3139 268 3191 mollianis
282 3141 323 3193 eis
336 3147 459 3193 armatus
472 3142 588 3194 brachia

122 3327 153 3390 4)
176 3335 296 3378 extrema
316 3330 403 3380 lterum
427 3345 468 3383 uu.
487 3329 566 3379 uerba
586 3329 718 3394 absumpta
735 3331 808 3393 piceo
830 3331 937 3394 unpuine

54 3395 180 3515 {thit'gra
199 3411 216 3447 a
233 3398 341 3450 incerta.
412 3397 438 3462 6)
455 3412 524 3448 corr.
543 3413 578 3447 erc
595 3397 661 3448 forti
730 3396 755 3461 7)
771 3397 883 3462 cupittn
896 3409 949 3446 ras.
962 3408 1006 3443 ea·
