2326 3922
439 201 618 252 THYESTES

79 349 196 412 nutanit
211 346 288 417 aula,
305 344 394 406 dubia
409 362 468 424 quo
483 343 601 423 pondus
616 340 701 402 daret
719 408 722 416 .

80 453 114 494 ac
130 432 286 494 fluet-nanti
300 429 412 491 similis.
440 448 456 490 e
470 427 557 489 laeuo
572 426 702 495 aethere,
717 477 719 482 .

80 526 179 578 atrum
194 517 328 578 cucurrit
342 513 467 576 limitem
480 511 562 573 sidus
576 511 707 573 trahens.

43 613 67 670 θ’
126 602 227 663 Libata
242 603 273 661 in
288 601 373 678 ignes
387 599 457 659 uina
472 603 584 658 mutate
599 595 696 656 fluunt
719 659 721 664 ,
767 675 768 678 ¹

81 695 204 747 eruenta
220 685 344 746 baceho.
366 685 486 762 regium
501 682 589 760 eapiti
605 681 710 741 deens-

82 772 128 833 bis
143 781 250 852 terque
263 769 380 849 lapsum
397 777 451 830 est.
479 766 564 828 fleuit
577 767 609 826 in
623 765 741 844 templis
757 765 843 828 ebur.

80 874 206 917 mouere
221 861 343 916 cunctos
358 860 508 922 menstra,
524 851 576 912 sed
590 848 671 911 solus
686 849 742 911 sibi

81 943 215 1001 inmotus
229 942 336 1001 Atreus
351 943 467 999 onustat
481 943 571 1012 atque
585 934 664 996 ultro
680 934 751 996 deos

80 1033 178 1085 terret
192 1026 350 1085 minantes.
375 1023 494 1103 iamque
510 1021 631 1082 dimissa
648 1037 729 1081 mera

81 1109 196 1171 adsistit
210 1109 269 1170 aris
283 1116 402 1168 toruum
418 1113 448 1167 et
462 1104 616 1184 obliquum
629 1106 758 1166 intuens.

50 1213 64 1260 f
125 1194 228 1254 ieiuna
243 1191 326 1254 siluis
341 1189 464 1271 qualis
478 1191 510 1250 in
524 1190 687 1269 gangetieis

79 1280 162 1338 inter
177 1280 320 1338 iuuencos
333 1277 418 1355 tigris
433 1277 553 1336 errauit·
561 1275 645 1343 duos,

81 1364 239 1442 utriusque
253 1361 381 1443 praedae
397 1360 503 1439 cupida
519 1359 588 1439 (qun
603 1361 734 1439 primum
749 1359 825 1421 ferat

79 1449 195 1508 ineerta
211 1463 329 1507 mersus
343 1445 436 1506 sseetit
450 1445 510 1505 hue
525 1447 617 1505 rietus
632 1464 702 1507 suns

80 1530 132 1592 ilio
148 1531 275 1592 reflectit
290 1537 320 1591 et
333 1529 441 1590 famem
458 1528 578 1590 dubiam
593 1531 694 1610 tenet),

41 1625 67 1682 f'
124 1616 185 1676 Sia
201 1617 284 1677 dirus
298 1616 406 1676 Atreus
421 1616 516 1693 capita
532 1613 639 1675 deuota
654 1616 753 1694 inpiae

79 1699 253 1778 speculatur
267 1701 340 1761 irae.
367 1717 456 1779 quem
471 1700 553 1777 prius
568 1707 677 1760 mactet
692 1700 755 1770 sibi,

80 1785 211 1854 dubitat,
230 1784 362 1846 secunda
377 1783 484 1845 deinde
498 1801 586 1863 quem
603 1783 693 1844 caede
707 1783 838 1846 inmolet.
904 1829 905 1832 ,

80 1887 138 1931 nec
155 1871 287 1940 interest,
303 1868 355 1931 sed
371 1868 488 1930 dubitat
503 1878 532 1928 et
547 1886 671 1929 saeuum
687 1869 784 1931 scelus

80 1956 165 2016 iuuat
179 1955 330 2015 ordinare.

80 2052 187 2101 cnon.
343 2056 432 2117 quem
446 2044 545 2098 tamen
560 2037 642 2098 ferro
658 2041 801 2116 occupati

46 2146 63 2195 g
125 2136 232 2182 uvu‘r.
255 2123 374 2182 Primus
387 2121 471 2182 loeus
488 2121 536 2200 (ne
552 2121 655 2184 deesse
670 2125 808 2203 pietatem
824 2123 920 2204 putes)

81 2227 139 2269 aun
156 2207 286 2278 dicatur,
303 2205 443 2268 Tantalus
458 2209 553 2284 prima
569 2207 664 2267 hostia
681 2216 734 2269 est.

81 2304 186 2353 cnon.
210 2309 270 2371 quo
285 2292 401 2352 iuuenis
416 2291 527 2361 anime,
543 2309 602 2371 que
617 2291 683 2353 tulit
697 2292 782 2353 uultu
796 2295 920 2354 neeemi

44 2383 62 2432 h
124 2389 229 2437 ΜΤ.
253 2376 337 2436 Stetit
351 2376 396 2437 sui
412 2392 536 2436 securus
552 2383 581 2437 et
595 2394 655 2437 nen
671 2386 715 2439 est
729 2396 834 2457 preces
1016 2383 1066 2433 720

80 2463 182 2541 perire
198 2462 294 2522 irusta
310 2476 425 2538 passus.
459 2467 504 2522 ast
519 2459 561 2520 illi
575 2461 657 2522 ferus

80 2549 109 2607 in
126 2545 252 2606 uulnere
268 2562 368 2606 ensem
384 2544 540 2606 abscondit
555 2555 584 2608 et
599 2548 715 2624 penitus
730 2564 870 2628 premens

80 2629 183 2708 iugulo
198 2647 320 2690 manum
336 2631 491 2691 commisit.
519 2630 626 2691 educto
641 2634 720 2693 stetit
788 2659 791 2664 ·

79 2715 163 2775 ferre
178 2713 307 2775 cadauer
323 2732 450 2792 eumque
465 2714 628 2776 dubitasset
643 2717 693 2778 din

79 2799 136 2859 hac
151 2805 236 2879 parte
251 2816 288 2859 au
304 2797 351 2860 iiia
368 2799 495 2866 caderet.
511 2801 542 2859 in
558 2807 696 2877 patruum
712 2802 801 2864 eadit.
1014 2805 1064 2854 ⁷25

45 2882 70 2936 h'
125 2884 214 2944 Tune
229 2882 278 2943 iile
294 2884 330 2945 ad
347 2901 414 2945 aras
428 2883 732 2948 Plisthenemsaeuus
746 2884 837 2947 trahit

79 2968 227 3048 adicitque
244 2967 338 3038 fratri,
356 2967 431 3030 colia
446 2985 588 3049 pereussa
603 2979 747 3050 amputat,

81 3087 285 3097 ——a--ana—

147 3155 199 3204 704
217 3153 284 3204 dees
304 3169 323 3204 α
346 3152 411 3204 deos
429 3161 472 3218 ψε
494 3149 507 3220 ΙΙ
531 3156 579 3204 706
598 3155 710 3205 assiluit
728 3157 754 3206 A
777 3155 889 3206 adsistit
906 3156 956 3221 Εψ
973 3153 985 3222 ΙΙ

79 3222 127 3272 709
145 3222 249 3286 primos
268 3237 287 3272 α
309 3221 424 3286 primum
442 3221 491 3286 Εψ
514 3218 526 3287 ΙΙ
550 3224 599 3273 710
616 3223 669 3274 hoe
687 3223 712 3272 E
730 3225 821 3274 hueA
845 3220 856 3288 ΙΙ
879 3225 928 3273 712
947 3225 996 3273 du-

78 3303 124 3339 rus
150 3288 200 3339 ER
234 3288 311 3340 dirus
328 3289 354 3340 A
391 3285 403 3355 ΙΙ
437 3291 487 3340 713
511 3291 670 3354 speculator
688 3291 737 3342 En
760 3290 796 3355 (in
818 3292 841 3341 B
862 3307 996 3354 suprascr.

79 3357 114 3406 el’
126 3357 184 3418 tur)
203 3355 366 3422 speculatur
383 3357 409 3408 A
431 3351 444 3423 1]
467 3361 572 3408 mactet
590 3361 685 3425 stygi
703 3361 735 3410 ei.
749 3361 826 3409 NHs.
850 3354 861 3423 Η
885 3360 935 3408 714
952 3372 995 3408 se·

78 3424 196 3474 eundem
215 3425 240 3474 E
263 3423 385 3476 secunde
403 3425 430 3474 A
453 3419 465 3490 ΙΙ
490 3427 540 3478 715
557 3429 665 3476 tentum
684 3427 730 3490 (al'
744 3428 830 3478 seeuu
843 3440 897 3479 ree.
909 3443 940 3480 m.
953 3425 989 3489 R)

76 3493 169 3544 scelus
186 3493 213 3543 A
240 3506 355 3542 saeuum
373 3506 413 3542 se.
432 3493 458 3541 E
487 3488 499 3559 11
