2326 3922
335 204 517 253 nnncvnns
544 189 706 276 [nonnus]

49 347 213 409 reuocabo
230 349 259 407 in
275 346 334 406 alta
350 346 498 406 conditam
514 345 638 423 ealigine

54 432 136 493 odim
153 441 315 492 nocentum
332 429 417 491 exilia
433 431 602 491 discordem
619 431 703 490 deam

59 535 150 594 quam
167 520 263 578 munit
278 517 381 593 ingens
397 516 505 575 montis
520 515 648 594 oppositi
663 533 780 592 specus,

63 597 206 681 deducam
221 609 250 662 et
265 604 324 661 imo
340 602 417 662 Ditis
432 618 450 660 e
464 617 560 675 rayno
574 594 749 681 extraham]

31 695 52 744 o
108 685 252 766 Quicquid
268 684 404 745 relictum
421 693 465 745 est
481 686 588 745 ueniat.
613 685 743 744 inuisum
763 683 860 745 scelus

68 787 210 850 suumque
225 769 360 830 lambens
375 770 549 846 sanguinem
565 770 691 846 inpietas
706 768 791 828 ferox

73 872 210 932 emorque
227 863 256 915 et
270 856 300 914 in
315 872 347 915 se
362 871 481 932 semper
497 861 627 914 armatus
644 853 738 913 iocor.

75 936 125 998 hoc
138 940 193 999 hoc
209 940 344 1000 ministro
360 946 460 998 noster
476 945 575 999 utatur
591 937 684 998 dolor.

47 1024 69 1073 d
114 1023 230 1102 incipite
245 1021 372 1084 samniae
388 1023 469 1084 Ditis.
495 1023 649 1083 ardentem
666 1023 743 1081 citae*

84 1111 212 1169 concutite
229 1109 331 1186 pinum
347 1115 376 1168 et
391 1123 497 1184 agmen
512 1106 694 1167 horrendum
712 1105 859 1184 anguibus

86 1189 198 1268 Megaera
215 1193 304 1253 ducat
319 1200 407 1270 atque
422 1191 548 1252 luctidca
570 1210 660 1252 manu

90 1285 179 1337 uastam
193 1294 267 1354 rogo
282 1276 425 1356 flagrante
441 1276 584 1353 corripiat
598 1276 726 1336 trahem.

64 1377 79 1410 e
119 1359 167 1420 doc
181 1364 266 1439 agite.
290 1378 402 1440 poenas
417 1361 508 1438 petite
525 1359 651 1422 uiolatae
667 1359 775 1437 Stygis.

93 1448 212 1507 concutite
227 1454 339 1524 pectus.
363 1447 460 1507 acrior
476 1452 604 1505 mentem
621 1453 765 1522 excoquat

93 1543 159 1600 quam
172 1532 219 1609 qui
235 1532 357 1591 caminis
372 1531 449 1608 ignis
464 1530 592 1589 aetnaeis
608 1529 688 1589 furit.

93 1617 118 1667 ut
130 1618 205 1687 possit
220 1617 319 1675 animo
336 1625 439 1693 captus
454 1613 571 1675 Alcides
586 1617 633 1691 agi

94 1710 176 1787 nagan
190 1699 290 1760 surore
309 1703 450 1778 percitus,
468 1698 555 1759 {nobis
570 1701 653 1778 prius
683 1688 685 1693 ¹

93 1784 268 1845 insaniendum
285 1793 339 1844 est.
369 1785 443 1844 iuno
459 1801 512 1843 cur
528 1783 658 1843 nondum
674 1782 766 1843 iuris?

58 1866 82 1914 ε’
127 1863 162 1925 ide
174 1887 217 1929 me
231 1883 352 1929 sorores
367 1874 466 1929 niente
483 1868 625 1928 deiectam
642 1885 707 1927 mea
752 1928 756 1937 ,

95 1958 185 2040 uersata
199 1957 334 2031 piimam,
351 1952 450 2014 iacere
466 1953 492 2012 si
507 1954 663 2032 quicquam
681 1961 793 2031 apparo

95 2027 189 2105 dignun
204 2056 343 2098 nouerca.
373 2044 441 2097 uota
458 2046 610 2098 mutentur
623 2055 699 2096 mea.
785 2109 788 2113 .

96 2126 176 2185 gnatos
188 2140 326 2183 reuersus
341 2121 443 2182 uideat
455 2120 619 2183 incolumes
634 2139 742 2200 precor

98 2213 214 2290 donoque
229 2207 313 2266 fortis
326 2207 440 2285 redeat.
471 2208 571 2267 inueni
587 2206 663 2265 diem

77 2287 168 2371 „une
181 2310 236 2369 quo
252 2290 458 2352 nos'Hereuiis
476 2292 570 2351 uirtus
586 2291 676 2349 iuuet.

59 2378 75 2410 θ
128 2366 162 2431 de
174 2378 241 2436 uicit
255 2385 285 2436 et
299 2395 332 2436 sc
342 2377 457 2436 uincet.
490 2370 531 2459 [et
544 2379 651 2451 captet
666 2377 744 2434 mort

99 2499 269 2519 x...

112 2574 171 2648 ..94
190 2575 284 2643 quam)
302 2594 328 2627 m
358 2595 389 2630 m.
407 2595 460 2629 sec.
478 2578 503 2626 a·
528 2593 582 2641 qua
600 2577 688 2641 mugit
707 2593 725 2626 α
755 2571 766 2642 Η
800 2578 833 2626 95
862 2593 980 2640 eregno

95 2631 170 2717 {huod
186 2647 269 2695 deleat
284 2661 384 2696 uersum
405 2641 417 2712 ΙΙ
444 2647 477 2696 96
496 2646 593 2695 ueniat
609 2645 687 2694 utini
703 2645 757 2705 (tin.
774 2647 902 2707 transfiaa
917 2645 978 2707 det.)

94 2715 186 2760 monum
206 2711 296 2762 scelus
319 2714 345 2763 V
368 2713 466 2763 ueniat
488 2713 507 2764 i.
526 2728 564 2761 sc.
585 2712 609 2763 Α
648 2719 708 2776 post
726 2713 822 2761 ueniet
844 2715 905 2763 add.
926 2729 978 2764 see.

93 2776 357 2830 nul‘nul‘ueniet
374 2779 492 2831 anetina.
511 2780 574 2830 nto
599 2777 610 2846 ss
640 2782 671 2830 99
689 2777 832 2842 ursacium
850 2797 885 2830 ex
904 2796 981 2845 semp
1003 2798 1006 2805 ·

95 2835 117 2914 ἦ)
130 2837 139 2907 Η
159 2848 202 2897 190
218 2848 340 2902 inci..te
359 2846 400 2913 (pi
417 2848 517 2913 syllaba
535 2847 622 2912 erasa)
646 2849 672 2896 V
693 2848 796 2897 incitae
811 2848 835 2896 Α
855 2850 930 2897 citae
944 2850 981 2899 E¹

91 2909 131 2957 nie
148 2912 171 2960 V
180 2909 191 2981 d
204 2917 251 2966 101
270 2915 408 2980 anguibus
425 2931 472 2965 om.
491 2913 527 2964 ΕΙ
545 2911 556 2982 d
574 2918 622 2967 103
640 2915 775 2980 flagrante
798 2913 904 2964 E²V²a
924 2918 981 2968 ind.

87 2987 130 3029 err,
154 2981 315 3047 flagrantem
335 2982 478 3047 Ammo
508 2978 519 3049 Η
549 2982 597 3033 191
615 2983 739 3033 uiciatae
757 2983 782 3031 E
805 2983 908 3034 uiolata
932 2985 982 3035 Va

89 3047 276 3102 muiduatae?
295 3047 542 3116 tt,108pcrcit'V
567 3048 579 3118 ΙΙ
609 3053 657 3102 109
676 3048 809 3100 furitVA
834 3052 903 3103 furis
923 3052 982 3103 εΤ1

88 3107 143 3179 Moe.
169 3113 180 3184 d
213 3118 262 3170 no
284 3118 421 3184 deiectam
440 3116 476 3181 (m
495 3116 684 3184 addeceat.)
704 3117 729 3166 Ε
757 3114 769 3184 d
794 3121 840 3168 111
860 3121 982 3183 uersata)

87 3199 243 3254 eoram
266 3208 278 3268 ΙΙ
306 3203 355 3253 112
373 3183 493 3254 'notuitam
510 3208 575 3252 mut.
593 3205 617 3253 V
637 3201 943 3258 iamodiainraeffl
961 3202 973 3270 Η

85 3265 124 3316 113
145 3270 283 3337 reuersus)
306 3286 338 3322 us
359 3270 459 3337 syllaba
494 3273 520 3322 in
538 3286 591 3320 ras.
609 3269 647 3320 Ε2
667 3266 679 3335 ΙΙ
709 3271 756 3320 116
774 3273 819 3322 Me
838 3273 943 3337 pariter
956 3273 980 3321 A

505 3352 585 3405 pariter
706 3352 777 3400 iaetus
792 3354 866 3392 i'urens

80 3403 220 3465 paritarld²
236 3408 263 3457 in
279 3421 334 3456 raa.
352 3407 397 3457 Me
415 3407 485 3456 uicit
503 3411 577 3456 etse
595 3407 691 3456 uincet
710 3412 737 3456 et
756 3405 849 3471 cupiat
867 3405 935 3454 mori
956 3404 984 3454 V

78 3470 152 3523 ntea
167 3489 209 3524 au.
227 3470 390 3526 neb-11⁷³
415 3471 427 3541 11
