2326 3922
448 205 627 257 iniussus

180 433 222 519 [et
230 441 325 511 putot
339 437 438 511 merui
448 451 505 496 suo
514 451 606 511 posse
614 451 740 511 pauper

176 537 274 596 reone
288 519 415 580 Laertes
428 520 541 582 Ittuea
556 513 727 602 tremente]

221 688 253 750 Si
268 706 339 749 suae
355 688 451 749 uentis
466 688 601 749 cecidere
615 687 705 760 uires,

179 772 251 841 alta,
268 790 345 850 quoe
360 773 445 833 nauis
459 774 556 833 timuit
571 790 673 834 secare

179 858 248 917 hinc
265 865 294 917 et
308 858 378 918 hino
392 856 465 918 tusis
480 857 608 937 spatiosa
625 857 707 926 uelis,

179 950 271 1002 strata
285 941 400 1003 ludenti
414 949 537 1020 potuere
552 941 685 1004 cumbae.

222 1111 321 1174 Mitius
336 1118 439 1191 stagno
454 1109 577 1190 pelagus
591 1111 738 1174 recumbit

181 1204 210 1256 et
226 1205 311 1258 uacat
325 1213 441 1258 mersos
455 1213 614 1257 numerare
629 1197 726 1277 pisces

182 1281 231 1341 hie
242 1282 294 1343 ubi
309 1283 421 1359 ingenti
437 1281 525 1341 modo
542 1279 597 1342 sub
613 1280 744 1361 procella

181 1365 322 1447 Cyclades
337 1374 463 1444 pontum
478 1368 606 1427 timuere
621 1372 728 1427 motae.

226 1534 312 1597 Nulla
328 1552 393 1595 sors
408 1533 496 1614 longa
512 1541 571 1595 est:
589 1533 673 1596 dolor
689 1553 724 1596 uo
739 1533 876 1613 uoluptas

181 1621 309 1682 inuicem
326 1619 448 1689 cedunt,
465 1619 587 1680 breuior
603 1619 746 1698 uoluptas.

182 1708 241 1766 ima
257 1703 495 1785 permutationis
511 1705 585 1765 hora
602 1706 736 1765 summis.

229 1874 294 1945 ilie,
311 1875 361 1952 qui
377 1874 467 1935 donat
482 1872 616 1935 diadema
631 1873 730 1945 tronti,

183 1978 272 2041 quem
288 1977 367 2038 genu
381 1960 469 2020 nixae
485 1964 634 2020 tremuere
649 1968 761 2039 gentes,
837 2011 839 2015 Α

184 2044 267 2106 ouius
283 2045 318 2105 ad
335 2051 439 2104 nutum
455 2060 583 2121 posuere
598 2042 675 2106 belle

184 2129 288 2189 Medus
304 2137 333 2189 et
346 2128 460 2190 Phoebi
474 2128 621 2209 propioris
635 2129 726 2191 Indus

185 2221 216 2273 et
231 2213 330 2275 Dahae
344 2212 462 2274 Parthis
477 2214 606 2291 equitem
623 2215 738 2275 minuti:

230 2383 341 2442 Anxius
356 2388 507 2460 sceptrum
523 2388 605 2443 tenet
621 2389 650 2443 et
664 2391 821 2444 mouentes

188 2473 293 2528 cuncta
309 2467 422 2527 diuinet
436 2468 599 2547 metuitque
614 2484 699 2529 ossus

77 2562 81 2569 ·
188 2549 312 2612 mobiles
327 2568 430 2612 rerum
445 2551 627 2632 dubiumque
642 2559 768 2633 tempus.

230 2723 288 2781 Vos
303 2720 412 2798 quibus
427 2728 526 2782 rector
541 2723 632 2782 maris
648 2728 735 2803 atque
750 2729 849 2782 terrae

187 2806 233 2865 ius
247 2805 328 2866 dedit
343 2823 482 2885 maguum
498 2808 578 2868 neeis
594 2813 682 2885 utque
698 2808 784 2876 uitae,

187 2892 289 2968 ponite
303 2886 420 2951 inflatos
435 2891 624 2971 tumidosque
639 2891 753 2952 uultus:

188 2974 329 3053 quicquid
344 2992 360 3034 a
376 2975 463 3037 uobis
479 2977 576 3038 minor
592 2978 770 3054 expauesoit,
1036 2990 1086 3039 610

188 3061 283 3121 maior
298 3058 356 3121 hoo
371 3059 459 3122 uobis
474 3062 611 3122 dominus
626 3063 765 3122 minatur.

183 3229 243 3281 586.
265 3230 316 3282 ott
343 3231 514 3295 interpolatos
535 3245 591 3280 esse
615 3231 679 3295 uidit
701 3229 770 3280 R.P.
806 3233 919 3280 lacunam
940 3229 1021 3278 statui

104 3301 176 3348 unius
192 3315 216 3350 u.
241 3293 327 3415 113589
337 3305 398 3364 poet
415 3299 465 3349 592
482 3299 615 3349 reuocauit
632 3297 698 3348 ΕΡ.
720 3293 733 3363 11
755 3297 804 3348 591
823 3297 947 3363 spetioso.
959 3293 985 3342 Ε
996 3289 1007 3358 ΙΙ

105 3368 152 3417 oet
176 3381 224 3416 om.
269 3364 288 3430 ¹,
306 3368 333 3416 iu
351 3381 432 3432 maru.
450 3364 488 3416 E’
509 3361 521 3432 ΙΙ
551 3365 601 3417 598
619 3365 749 3416 breuisA
772 3365 844 3415 leuis
862 3363 912 3428 Εψ
935 3359 947 3428 ΙΙ
970 3361 1019 3410 603
1094 3377 1101 3388 ·

105 3432 193 3483 deese
211 3432 237 3483 A
265 3433 356 3485 dahee
375 3433 401 3484 E
434 3430 447 3500 11
487 3434 537 3485 605
560 3432 672 3483 diuitias
689 3433 715 3483 Α
742 3433 852 3483 diuinos
870 3431 927 3483 eod.
946 3427 1019 3479 Goto-

106 3502 207 3552 niensis.
230 3518 253 3552 c.
271 3503 380 3554 diuinet
390 3501 456 3552 otuu
478 3499 490 3569 ΙΙ
505 3503 555 3552 610
574 3502 730 3552 extimescit
742 3502 767 3551 A
787 3498 950 3565 expauesoit
962 3495 987 3546 E
998 3491 1010 3563 {l

154 3619 279 3656 suanm
297 3619 380 3657 5350.
798 3582 819 3647 6
