2326 3922
457 222 625 272 Pannona
678 200 680 204 ’

23 363 66 422 e'''
124 361 219 439 Sagen
236 364 393 440 parentum
409 367 454 421 est
469 380 550 423 cura.
582 361 737 423 credamus
753 372 849 423 tamen

81 454 146 507 astu
162 445 291 525 doloque
307 454 407 524 tegere
424 463 477 506 nos
492 454 605 507 tantum
621 447 719 507 nefas:

78 530 148 609 quid
165 528 215 590 ille
229 529 320 591 rebus
336 530 435 592 lumen
451 530 609 592 infundens
624 549 710 590 sunm

78 617 180 676 matris
196 615 325 692 parens?
347 616 417 693 qnid
433 614 482 676 ille
498 617 548 694 qui
564 615 706 676 muudum
723 619 816 693 quatit

78 698 201 760 uibrans
217 716 343 759 corusca
360 698 470 760 lulmen
487 710 640 761 aetnaeum
656 717 745 760 manu

79 791 159 844 sator
174 784 325 844 deorum?
349 785 446 844 credis
461 783 518 844 hoc
534 802 621 862 posse
637 785 716 844 ellici

80 871 159 929 inter
175 868 311 928 uidentes
327 864 425 928 omnia
440 878 472 929 ut
486 867 580 929 lateas
596 869 681 930 auos?

50 963 66 1012 f
121 953 178 1013 Sed
196 960 229 1013 ut
243 953 392 1013 secundus
406 953 560 1014 numinum
577 953 739 1014 abscondat
755 953 838 1013 lauor
940 968 984 1010 ru.
1000 967 1097 1010 numm

79 1038 173 1097 coitus
190 1037 333 1098 nefandos
350 1045 441 1116 utque
457 1039 608 1115 contingat
622 1045 725 1116 stupro
847 1039 851 1044 '
1016 1054 1064 1102 165

78 1129 184 1198 negata
203 1121 317 1200 magnis
331 1121 495 1182 sceleribus
510 1139 629 1199 semper
644 1123 732 1182 fides:

79 1206 149 1284 quid
165 1223 260 1283 poma
276 1224 418 1284 praesens
433 1209 570 1267 conscius
585 1209 692 1267 mentis
707 1224 802 1285 pauor

78 1292 256 1370 animusque
271 1289 355 1369 culpa
372 1289 478 1368 plenus
494 1298 523 1352 et
537 1299 631 1352 semet
647 1291 772 1351 timens?

78 1374 177 1435 scelus
192 1374 290 1453 aliqua
306 1382 417 1444 tutum,
434 1373 512 1436 nulla
529 1393 667 1437 securum
683 1375 758 1435 tulit.

41 1460 68 1518 t'
125 1459 277 1537 conpesce
292 1461 399 1520 amoris
414 1462 487 1537 inpii
502 1459 639 1521 tlammas
652 1478 760 1538 precor

80 1544 225 1622 nefasque
241 1545 319 1621 quod
335 1562 394 1604 nou
410 1543 470 1604 ulla
487 1543 574 1605 lellus
589 1544 717 1606 barbara

80 1629 218 1688 conmisit
233 1646 373 1706 umquam
390 1646 449 1688 non
465 1631 533 1706 uagi
549 1631 661 1708 campis
677 1631 768 1692 Getae

78 1729 136 1772 nec
151 1711 334 1791 inhospitalis
349 1713 465 1774 Tauros
481 1723 531 1773 aut
545 1732 667 1792 sparsus
682 1713 815 1793 Scythes.

80 1795 195 1874 erpelle
211 1797 323 1858 lacinus
338 1807 436 1858 mente
452 1800 579 1858 castilica
596 1799 749 1860 horridum

79 1899 254 1960 memorque
269 1883 371 1942 matris
386 1890 485 1942 metue
502 1882 677 1943 concubitus
692 1900 796 1943 nouos.

37 1965 68 2024 f'
125 1965 251 2026 Miscere
264 1965 411 2027 thalamos
425 1969 516 2046 patris
533 1976 562 2028 el
577 1969 799 2047 gnati-apparas

78 2057 225 2129 uteroque
240 2049 354 2128 prolem
372 2069 479 2129 capere
495 2051 647 2113 conlnsam
665 2053 764 2130 inpio?
792 2054 795 2059 '

77 2152 171 2212 perge
188 2143 217 2194 el
232 2134 366 2195 nefandis
380 2144 467 2196 uerte
481 2144 615 2196 naturam
632 2136 758 2214 ignibus.

79 2237 134 2279 cur
149 2228 280 2280 monstra
296 2219 431 2280 cessanti
453 2219 517 2280 aula
533 2239 587 2280 cur
604 2220 704 2282 fratris
720 2221 823 2282 uacat?

78 2302 213 2382 prodigia
222 2305 336 2393 ¹totiens
352 2305 433 2365 orbis
448 2307 560 2365 insueta
577 2306 689 2374 audiet,

78 2394 184 2448 natura
201 2389 309 2449 totiens
324 2388 440 2466 legibus
455 2387 540 2449 cedet
555 2392 629 2458 suis,

78 2473 216 2550 quotiens
232 2471 342 2534 amabit
357 2473 479 2534 Cressa?

46 2580 66 2630 g
122 2569 179 2616 ΡΗ.
354 2574 356 2579 ’
506 2577 582 2637 quae
598 2577 746 2620 memoras
762 2561 824 2619 scio

79 2659 151 2701 uera
168 2659 232 2702 esse
247 2644 363 2710 nutrix,
387 2643 438 2702 sed
457 2642 542 2704 iuror
557 2646 636 2720 cogit
651 2646 735 2723 sequi

79 2727 192 2804 peiora.
224 2724 305 2786 uadit
319 2729 436 2787 animus
451 2729 480 2786 in
496 2746 639 2806 praeceps
655 2731 751 2789 sciens

77 2817 251 2889 remeatque
266 2810 374 2871 frustra
391 2829 461 2872 sana
480 2812 600 2872 consilia
616 2821 769 2890 appetens.

77 2895 122 2955 sic
138 2912 206 2954 cum
222 2902 374 2973 grauatam
391 2899 489 2956 nauita
506 2898 630 2957 aduersa
647 2905 740 2958 ratem

78 2977 219 3059 propellit
235 2978 328 3048 unda,
344 2980 424 3041 cedit
436 2983 467 3040 in
484 2999 592 3041 uanum
609 2980 694 3041 labor

146 3232 198 3283 160
215 3232 281 3298 quid
298 3232 348 3283 ille
367 3233 432 3298 quid
450 3229 497 3283 ille
515 3234 541 3283 E
553 3230 564 3298 ΙΙ
577 3235 626 3284 167
639 3237 770 3286 consciae
783 3237 874 3286 noctis
887 3237 911 3285 A
932 3251 996 3285 eon·

75 3301 156 3350 seiae
174 3301 276 3350 mentis
293 3307 318 3363 ψ
337 3303 464 3350 conscius
481 3303 582 3351 mentis
595 3302 684 3353 Euan
696 3300 707 3369 ΙΙ
721 3305 769 3354 172
786 3318 874 3368 uagus
892 3303 999 3366 campis

74 3371 144 3432 geta
161 3368 186 3416 A
205 3369 388 3434 pogicampis
400 3373 483 3433 getae
500 3369 550 3418 En
567 3371 641 3421 Voss.
660 3372 780 3435 (campis
792 3386 861 3420 corr.
874 3385 910 3418 ea:
923 3384 998 3418 cnm·

72 3449 128 3501 pus
146 3432 180 3500 R)
193 3430 206 3501 ΙΙ
219 3437 268 3486 176
286 3441 372 3502 gnato
390 3452 458 3488 corr.
479 3440 495 3485 2
514 3441 555 3486 uel
573 3440 590 3487 3
608 3454 639 3490 m.
658 3455 693 3488 ex
711 3442 797 3503 gnate
810 3437 835 3485 E
853 3439 932 3502 gnati
945 3439 970 3486 A
988 3433 997 3499 ΙΙ

75 3505 128 3554 179
147 3502 243 3553 tranis
261 3504 287 3554 A
306 3505 395 3569 petris
413 3503 438 3552 Ε
462 3500 473 3570 ΙΙ
