2326 3922
108 201 172 264 442
493 212 636 261 monum

110 364 140 418 et
154 355 245 416 redde
262 355 338 415 latis.
370 352 502 432 approba
513 354 618 414 'natum
633 355 732 430 prius:
820 364 823 370 ·

110 449 142 500 nt
157 441 264 518 dignus
279 440 365 500 astris
381 438 498 508 uidear,
514 438 563 497 hic
579 437 666 499 faciet
681 437 753 498 dics.
1006 446 1062 492 cdl

109 525 176 586 leue
193 533 237 584 est
256 524 334 604 qnod
351 530 449 583 actum
466 531 519 584 est.
551 521 709 583 Herculem
727 523 775 583 inc
791 525 907 601 genitor
922 524 978 585 dies

110 610 242 670 inueniet
256 616 306 670 aut
321 607 493 668 damnabit?
525 607 599 668 haec
614 616 771 684 postquam
788 608 896 681 edidit,
1028 613 1061 664 nt

109 695 243 754 ilammas
258 695 402 774 poposcit.
434 692 510 752 ‘hoc
525 709 578 768 ege
594 691 713 753 Alcidae
730 710 833 754 comes

110 797 169 838 non
186 781 300 856 segnis’
315 779 424 856 inquit:
449 776 589 855 ‘conripe
604 784 736 838 oetaeam
754 777 859 839 lacem.

110 881 239 924 nouerca
257 871 360 924 cernat
375 879 433 940 quo
448 862 541 922 ieram
557 861 691 922 flammas
707 862 807 922 modo.

110 949 179 1028 quid
196 948 297 1008 dextra
313 946 452 1008 tremuit?
475 964 546 1006 num
562 963 667 1006 manus
681 947 790 1025 pauida
806 949 920 1027 inpium

109 1031 207 1092 scelus
221 1033 347 1110 refugit?
370 1031 461 1092 redde
478 1032 534 1091 iam
551 1032 708 1108 pharetras
722 1031 796 1091 mihi

110 1119 215 1196 ignaue
231 1118 311 1177 iners
326 1117 458 1178 inermis.
492 1133 528 1175 en
545 1122 664 1176 nostros
679 1134 788 1177 manus

109 1220 184 1281 quae
200 1201 301 1263 tendat
316 1220 413 1262 arcus.
444 1200 514 1281 quid
531 1201 615 1261 sedet
629 1199 725 1279 pallor
740 1202 843 1279 genis?

109 1287 208 1347 animo
223 1287 303 1347 faces
318 1286 425 1346 inuade
441 1303 499 1364 quo
515 1284 636 1346 Alciden
652 1285 737 1346 uides

108 1371 190 1431 uoltu
206 1372 314 1431 iacere.
347 1372 464 1448 respice
479 1387 617 1431 arsurum
634 1370 735 1430 miser.

109 1462 196 1515 uocat
212 1474 281 1516 ecce
296 1457 353 1516 iam
369 1474 417 1517 me
433 1456 549 1533 genitor
565 1461 595 1516 et
609 1455 712 1533 pandit
727 1454 824 1534 polos.

108 1558 196 1600 nemo
214 1585 774 1601 .......................

108 1626 196 1685 uenio
211 1628 311 1701 paler'
328 1624 483 1705 uoltusque
500 1641 559 1684 non
574 1623 652 1684 idem
670 1622 734 1684 luit.

108 1716 255 1769 tremente
270 1711 372 1787 pinum
389 1710 509 1770 dextera
527 1709 679 1769 ardentem
694 1708 799 1803 ippuli.

109 1794 218 1871 refugit
233 1795 311 1870 ignis
327 1802 356 1855 et
371 1793 556 1855 reluctantur
571 1795 650 1854 faces

108 1886 137 1939 et
153 1877 286 1940 membra
302 1881 411 1949 uitant,
429 1879 480 1939 sed
495 1879 684 1939 recedentem
699 1877 843 1938 Hercules

107 1965 275 2041 insequitur
292 1965 399 2041 ignem.
431 1962 594 2024 Caucasum
610 1971 660 2022 ant
673 1962 801 2023 Pindum
818 1973 870 2024 aut
885 1964 977 2024 Athon
1027 1965 1059 2014 nl

107 2048 213 2108 ardere
230 2049 349 2109 credas:
374 2047 471 2108 nullus
487 2049 616 2126 erumpit
630 2065 736 2117 seduc,

139 2170 313 2178 .--———-—

177 2220 242 2268 1718
261 2202 404 2268 lherculem
422 2217 467 2267 hic
487 2218 598 2282 genitor
615 2217 675 2266 dies
693 2215 718 2266 E
749 2217 901 2268 Herculem
920 2218 1017 2283 genitor

107 2288 183 2351 prius
201 2288 226 2335 A
243 2282 256 2350 Η
274 2289 338 2336 1719
356 2287 486 2336 Inueniet
504 2289 553 2334 aut
571 2285 618 2345 (an
636 2293 654 2334 t.
672 2285 751 2338 cren.
769 2285 896 2349 etNHs.)
915 2287 1016 2336 damne-

106 2355 148 2404 bit
171 2354 197 2403 Ε
225 2354 337 2403 Inuenit
360 2369 395 2402 an
419 2353 563 2402 damnauit
586 2354 611 2402 A
641 2349 652 2419 Η
680 2351 732 2418 hec
754 2352 876 2416 postque
898 2352 1017 2404 ediditE

108 2422 204 2487 (hecp
231 2427 417 2487 postquamqu
445 2419 482 2470 al’
503 2419 590 2470 edidit
607 2419 740 2486 mpure)
768 2421 822 2470 hoc
841 2431 959 2488 postque
977 2420 1018 2470 ad·

106 2489 175 2538 didit
193 2491 219 2539 A
248 2486 259 2556 Η
290 2492 357 2540 1720
380 2490 454 2538 adest
469 2489 495 2538 E
517 2496 578 2552 poet
594 2505 618 2538 u.
635 2489 699 2537 1722
722 2494 885 2552 monspocnit
909 2490 984 2540 Gron.
1007 2492 1009 2533 l

50 2568 52 2572 ⁴
105 2558 230 2605 flammas
257 2559 283 2607 A
312 2557 444 2606 lacrimas
470 2557 493 2605 fl
523 2551 535 2622 Η
564 2557 629 2607 1722
653 2560 772 2605 oetaean
795 2557 821 2606 E
851 2556 1019 2608 ethneamli

107 2624 242 2674 Oethecm
266 2627 291 2675 A
320 2620 333 2690 Η
363 2626 428 2674 1723
456 2624 587 2688 pauidum
611 2627 638 2672 et
661 2624 773 2688 impium
798 2625 824 2673 Ε
852 2626 958 2691 pauida
978 2627 1019 2674 im·

105 2692 180 2756 pium
205 2692 230 2740 A
260 2688 272 2756 Η
307 2695 372 2742 1725
404 2692 466 2755 Tlrp.
490 2708 514 2740 u.
540 2694 589 2740 176
610 2691 715 2753 ignaue
744 2691 820 2741 iners
849 2695 987 2743 eneruis
1008 2694 1018 2741 p

106 2774 139 2809 en
159 2771 172 2808 ε
183 2760 219 2821 p?
238 2760 343 2822 Lipsius
362 2765 405 2810 est
423 2761 448 2809 A
471 2753 483 2825 Η
508 2760 575 2810 1726
594 2759 660 2822 quid
678 2758 757 2808 sedet
776 2760 803 2809 Ε
821 2761 886 2823 quis
905 2761 982 2812 sedet
998 2760 1019 2809 A

105 2826 158 2892 qui
176 2825 227 2876 Bo.
246 2825 315 2876 Bod.
337 2823 348 2892 Η
370 2828 437 2876 1778
456 2829 522 2877 1729
541 2826 624 2876 Voltu
642 2829 735 2876 iacere
755 2829 867 2891 genitor
887 2834 917 2880 et
934 2827 1020 2894 pandit

105 2896 171 2944 deos
182 2895 231 2944 sed
241 2897 302 2945 cdd.
315 2896 340 2943 in
353 2911 400 2959 mp.
412 2911 443 2947 m.
455 2911 498 2959 pr.
505 2911 515 2943 .·
533 2895 623 2944 Vocat
642 2910 709 2946 ecce
727 2909 770 2944 me
789 2896 903 2960 genitor
922 2903 949 2946 et
960 2910 1020 2962 pen·

105 2964 146 3012 dit
169 2963 236 3013 deos
258 2963 284 3012 Ε
314 2963 420 3018 (desunt
442 2964 520 3025 ipitor
541 2963 620 3013 duee:
650 2962 757 3027 respice
782 2977 911 3014 arsurum
934 2961 1019 3023 miser)

104 3032 195 3079 Vocat
217 3033 292 3081 etiam
315 3031 355 3080 ΛΕ
376 3028 461 3079 Vultu
483 3031 591 3092 iacere,
622 3030 731 3094 respice
756 3045 883 3081 arsurum
907 3032 1019 3089 miser:

104 3098 198 3160 Rogat
217 3113 282 3147 eece
301 3100 358 3147 iam
376 3113 418 3146 me
438 3099 556 3161 genitor,
578 3103 605 3147 et
618 3098 714 3164 pandit
727 3096 806 3162 polos
825 3098 1020 3165 ,4111730νέ-

105 3165 151 3213 nio
170 3165 251 3214 uenio
269 3170 349 3230 pater
367 3166 393 3215 Ε
402 3180 421 3229 9
438 3165 526 3214 Venio
545 3171 626 3231 pater
643 3167 668 3217 A
685 3161 697 3231 Η
715 3165 822 3216 ‘Mirum
840 3172 868 3217 nt*
887 3176 947 3218 ante
964 3168 1021 3218 doec

104 3231 184 3281 uerba
202 3231 357 3297 Vultusque
376 3249 402 3281 n.
422 3234 438 3282 i.
454 3233 473 3281 f.
493 3249 583 3284 uereor
602 3250 665 3284 unus
683 3240 708 3282 et
726 3237 793 3284 alter
812 3236 1020 3286 desideraretur*

107 3300 184 3351 Gron.
209 3296 221 3365 Η
246 3302 311 3350 1732
330 3301 477 3350 Trementi
495 3301 521 3350 Ε
543 3298 555 3366 Η
579 3302 688 3367 impulit
706 3301 730 3350 Ε
757 3302 855 3367 impuli
875 3306 902 3353 A
926 3300 938 3370 Η
961 3303 1021 3353 1733

104 3368 246 3418 luctantur
264 3368 289 3418 Ε
319 3368 491 3418 reluctantur
509 3370 534 3418 A
564 3366 575 3434 Η
606 3372 672 3421 1734
695 3370 768 3418 uitat
790 3370 816 3419 Ε
847 3372 942 3421 nitent
963 3371 1012 3422 Al

106 3437 170 3486 1735
189 3438 273 3486 athon
291 3444 340 3498 εψ
359 3435 431 3485 Atho
449 3438 474 3486 A
498 3433 510 3503 Η
535 3440 600 3488 1736
620 3452 718 3487 cernas
737 3437 763 3486 Ε
782 3438 884 3488 credas
904 3441 929 3490 A
953 3435 965 3505 Η
987 3439 1021 3487 ir·

71 3539 80 3573 q
102 3505 206 3570 rumpit
223 3505 249 3555 Ε
268 3505 426 3570 erumpitur
445 3507 537 3569 erupit
557 3507 581 3554 A
604 3502 619 3570 Η
