2326 3922
147 197 208 260 128
426 211 457 258 u.
475 209 610 258 unuani
626 203 784 256 sennenn

143 349 320 428 humilisque
336 365 473 409 socerum
489 346 546 408 lixa
562 348 761 409 dominantem
778 349 907 426 sequar?

143 436 172 494 in
189 435 361 495 seruitutem
378 433 484 493 cadere
500 433 537 494 de
553 450 646 510 regno
661 449 754 510 graue
768 441 821 494 est.

68 588 74 597 ³
143 531 212 578 100.
237 520 261 578 si
276 536 367 595 regna
384 519 502 595 quaeris
517 536 572 578 nec
588 524 686 596 potest
701 525 819 596 sceptro
836 536 941 580 manus

143 621 251 663 uacare
266 620 369 664 saeuo:
394 601 485 662 multa
501 620 576 681 quae
590 602 705 680 possint
719 602 780 680 peti

142 689 173 746 in
190 687 262 747 orbe
278 695 348 757 toto,
366 686 513 764 quaelibet
527 686 614 747 tellus
629 685 718 747 dabit.

114 782 132 831 h
187 771 278 832 Hinc
295 780 362 831 nota
378 771 495 832 Baccho
510 769 633 830 Tmolus
648 768 754 831 attollit
767 770 845 848 iuga,

144 874 200 933 qua
217 855 274 915 lata
290 857 378 916 terris
393 856 483 933 spatia
501 855 650 932 frugiferis
666 857 762 916 iacent

144 949 173 1001 et
187 959 244 1018 qua
260 941 380 1000 trahens
395 939 536 1018 opulenta
551 938 687 1000 Pactolus
703 940 777 999 uada

143 1025 267 1084 inundat
282 1042 354 1085 auro
371 1042 451 1083 rura.
483 1042 539 1084 nec
554 1024 637 1084 laetis
652 1024 749 1084 miuus

143 1108 318 1168 Maeandros
333 1108 412 1167 aruis
427 1107 518 1169 flectit
534 1116 668 1168 errantes
683 1127 775 1186 aquas

142 1193 322 1272 rapidusque
339 1210 459 1270 campos
474 1192 586 1253 fertiles
602 1193 730 1254 Hermus
745 1199 835 1254 secat.

104 1279 131 1335 h'
186 1277 279 1337 Hinc
294 1286 376 1354 grata
394 1277 495 1337 Cereri
511 1277 641 1355 Gargara
661 1285 690 1336 et
705 1277 788 1338 diues
803 1275 897 1337 solum

144 1361 221 1439 quod
237 1361 372 1422 Xanthus
387 1361 480 1421 ambit
495 1362 614 1422 niuibus
628 1362 722 1423 idaeis
738 1369 871 1432 tumens,

143 1446 211 1505 hinc
228 1465 285 1524 qua
301 1445 442 1526 relinquit
457 1464 566 1506 nomen
581 1447 650 1506 ionii
666 1447 756 1506 maris

143 1530 301 1607 faucesque
316 1530 418 1609 Abydo
435 1530 536 1591 Sestos
552 1531 685 1610 opposita
701 1531 817 1608 premit

143 1622 193 1673 aut
208 1633 283 1693 quae
298 1614 374 1674 latus
389 1615 446 1674 iam
462 1618 585 1693 propior
601 1616 708 1676 orienti
724 1614 805 1675 dedit

19 1767 24 1775 .
144 1706 294 1777 tutamque
311 1698 424 1759 crebris
439 1699 575 1777 portibus
591 1700 707 1779 Lyciam
723 1698 818 1760 uidet:

108 1796 130 1844 1⁰
198 1783 278 1844 Haec
293 1799 383 1859 regna
399 1784 479 1843 ferro
495 1789 615 1864 quaere,
631 1786 661 1845 iu
679 1785 733 1844 lros
748 1782 874 1863 populos
889 1783 968 1846 ferat

142 1885 228 1928 socer
243 1886 324 1927 arma
340 1868 433 1937 fortis,
451 1867 504 1928 has
520 1878 570 1929 tuo
585 1876 702 1948 sceptro
718 1876 803 1946 paret

142 1952 296 2029 tradatque
313 1959 426 2029 gentes.
457 1952 514 2013 boo
529 1953 625 2013 adbuc
641 1971 766 2030 reguum
783 1960 854 2030 puta

143 2044 244 2096 tenere
260 2045 384 2114 patrem.
415 2036 519 2097 melius
536 2037 655 2097 exilium
672 2035 785 2097 esttibi

142 2139 229 2199 quam
245 2120 357 2180 reditus
372 2122 440 2180 iste:
458 2122 582 2181 crimine
597 2121 692 2182 alieno
709 2119 817 2191 exulus,

141 2212 193 2264 tuo
210 2204 329 2264 redibis,
361 2204 466 2269 melius
481 2206 544 2264 istis
559 2204 673 2266 uiribus

142 2308 218 2350 noua
236 2305 327 2364 regna
343 2289 423 2349 nullo
439 2289 552 2349 scelere
568 2290 712 2350 maculata
728 2297 859 2368 appetes.

111 2388 129 2437 h
184 2374 261 2444 Quin
277 2374 339 2450 ipse
354 2375 446 2434 frater
462 2392 543 2434 arma
560 2376 716 2435 comitatus
731 2381 779 2434 tua

141 2459 194 2518 tibi
209 2457 356 2518 militabit.
387 2459 462 2518 uade
478 2466 506 2518 et
520 2459 549 2518 id
566 2458 676 2519 bellum
692 2476 762 2537 gere

141 2544 170 2601 in
186 2561 245 2620 quo
260 2550 344 2619 pater
359 2550 512 2620 materque
528 2546 670 2620 pugnanti
685 2542 737 2602 tibi

141 2626 243 2686 fauere
260 2628 381 2702 possint.
411 2645 502 2704 regna
519 2646 586 2687 cum
602 2625 715 2687 scelere
731 2626 867 2688 omnibus

140 2718 210 2770 sunt
225 2709 308 2770 exilis
323 2712 470 2788 grauiora.
501 2729 580 2772 nunc
595 2711 665 2771 belli
681 2710 757 2772 mala

140 2812 275 2873 propone
291 2794 393 2855 dubias
408 2797 511 2854 martis
525 2797 632 2856 incerti
647 2797 738 2857 uices.

100 2881 127 2939 h'
183 2879 265 2940 Licet
280 2898 367 2940 omne
383 2888 480 2939 tecum
498 2880 638 2941 Graeciae
653 2880 747 2941 robur
762 2882 862 2942 trahas

141 2963 209 3024 licet
224 2983 303 3024 arma
323 2963 409 3042 louge
426 2964 509 3024 miles
524 2983 558 3024 ac
574 2964 632 3026 late
648 2963 773 3043 explicet

207 3217 257 3266 240
275 3220 335 3266 tota
353 3217 378 3265 E
401 3213 413 3283 H
435 3220 485 3267 245
503 3217 604 3267 hebrus
623 3235 644 3267 ω
661 3233 730 3267 corr.
750 3217 828 3268 Gron.
852 3213 865 3284 [Ι
887 3218 938 3268 249
956 3219 1058 3269 fauces

140 3285 223 3348 abydi
243 3282 359 3348 (abydos
376 3287 411 3347 ψ)
434 3290 524 3334 sestos
546 3287 690 3350 oppositae
709 3287 734 3335 Α
768 3285 924 3349 faucesque
950 3285 1058 3349 abydos

139 3359 213 3404 estus
239 3352 366 3418 opposita
383 3352 409 3400 E
445 3348 456 3417 ΙΙ
493 3355 543 3403 260
569 3368 625 3417 qua
643 3369 664 3403 ω
694 3350 1059 3417 quassandarum

87 3459 89 3464 .
138 3420 196 3483 ias.)
226 3417 238 3486 ΙΙ
266 3421 378 3486 propius
396 3420 520 3471 cf.Groa.
549 3417 560 3485 Η
589 3423 639 3471 252
657 3420 712 3470 bio
731 3419 857 3473 odGroa.
877 3419 941 3470 boe
959 3420 1011 3472 Bo.
1035 3417 1049 3488 ΙΙ

138 3489 189 3536 254
200 3495 279 3552 paret
292 3494 402 3555 sceptro
415 3491 500 3538 tuost
518 3492 565 3537 tuo
578 3503 617 3538 se.
630 3488 696 3553 p.E
712 3484 724 3554 ΙΙ
744 3490 795 3540 25⁷
806 3489 909 3538 ususA
928 3486 1059 3552 latiali
