2326 3922
386 895 546 945 OEDIPVS.
576 896 768 945 ANTIGONA.

84 1040 104 1073 a
166 1005 260 1089 Caeci·
265 1003 395 1084 parentis
411 1005 545 1082 regimen
561 1009 590 1064 et
604 1001 675 1063 sessi
689 1004 811 1065 unicum

119 1092 220 1151 lateris
235 1088 371 1150 leuamen
387 1096 473 1166 gnata
490 1105 577 1167 quam
592 1089 665 1148 tanti
680 1094 724 1148 est
739 1088 813 1148 mihi

118 1175 257 1254 genuisse
274 1173 322 1234 uei
337 1174 387 1242 sie,
407 1173 511 1234 desere
526 1172 684 1233 inianstnrn
701 1180 827 1252 patrem.

80 1278 101 1326 b
164 1259 196 1318 ln
211 1267 292 1320 recta
308 1258 376 1338 quid
394 1257 525 1319 deflectis
541 1266 690 1319 errantem
707 1256 850 1336 gradum?

1053 1361 1069 1408 5

118 1447 208 1509 quarn
225 1447 340 1508 quaero
351 1426 446 1498 solus,
463 1445 539 1508 quae
553 1445 602 1488 me
618 1426 654 1488 ah
669 1426 726 1488 hac
741 1427 800 1486 uita
816 1427 951 1488 extrahat

118 1521 148 1574 et
166 1513 221 1573 hoc
237 1512 357 1574 nefandi
373 1512 632 1589 capitisadspeotu
647 1510 728 1572 leuet

117 1597 235 1660 caelum
251 1604 339 1676 atque
353 1604 459 1659 terras.
491 1594 665 1677 quantulum
681 1596 737 1657 hac
753 1597 801 1675 egi
816 1597 924 1658 manui

118 1700 179 1743 non
196 1681 283 1742 uideo
299 1699 394 1744 noxae
409 1683 561 1744 conscium
577 1688 697 1742 nostrae
713 1681 791 1742 diem
1088 1754 1095 1765 ,

118 1766 172 1828 sed
188 1767 301 1828 uideor.
332 1766 402 1827 hinc
417 1768 474 1828 iam
490 1764 575 1829 solue
589 1765 794 1827 inhaerentem
810 1783 930 1827 manum
1057 1786 1089 1833 10

118 1860 149 1912 et
165 1859 267 1930 patere
282 1868 403 1912 caccum
419 1869 477 1930 qua
492 1849 573 1912 uolet
587 1851 660 1912 ferri
676 1851 791 1930 pedem.

81 1969 100 2002 c
163 1935 228 1997 lbo
244 1935 306 1998 ibo
321 1955 388 2016 qua
410 1943 572 2015 praerupta
588 1936 742 2014 protendit
755 1942 823 2015 iuga

117 2039 203 2082 rnens
219 2021 436 2089 Cithaeron,
454 2038 510 2099 qua
527 2031 683 2099 peragrato
699 2020 779 2082 celer

117 2123 174 2186 per
188 2123 256 2166 saxa
273 2113 373 2166 monte
388 2107 477 2167 iacuit
491 2105 620 2167 Actaeon
636 2108 697 2168 suis
780 2148 783 2157 ·

118 2208 196 2251 noua
213 2190 323 2269 praeda
339 2189 475 2259 canibus,
493 2208 550 2269 qua
564 2207 619 2270 per
633 2191 795 2253 obscurum
811 2207 917 2251 nemus
1059 2209 1092 2258 15

118 2273 285 2353 siluamquc
299 2292 410 2353 opacae
426 2274 511 2337 uallis
526 2277 679 2337 instinctas
695 2276 750 2337 deo

119 2360 180 2437 egit
195 2377 316 2420 sorores
331 2366 425 2420 mater
441 2366 470 2421 et
484 2360 617 2437 gaudens
634 2358 710 2421 malo

118 2443 257 2505 uibrante
273 2445 362 2504 fixum
378 2445 517 2522 praetulit
533 2445 633 2523 thyrso
650 2453 748 2525 caput.

76 2532 106 2593 b'
164 2527 216 2589 Vel
231 2547 289 2609 qua
305 2531 438 2590 cucurrit
453 2547 562 2609 corpus
577 2531 706 2592 inuisum
722 2530 844 2592 trahens

191 2714 422 2765 PHOENISSAE
445 2716 471 2765 E
523 2714 683 2768 THEBAIS
707 2718 732 2767 A
778 2717 880 2783 Incipit
902 2715 1039 2767 secundus

117 2782 237 2849 edippi
256 2783 377 2834 eiusdem
397 2784 529 2851 antigone
552 2786 579 2834 V

187 3019 372 3072 OEDIPPVS
398 3019 623 3072 ·ANTIOONA·
653 3021 679 3069 Ε
735 3020 894 3073 OEDIPVS
921 3020 1039 3071 ·ANTI-

116 3089 239 3142 Gonn-
258 3089 283 3138 Α
309 3083 330 3206 {A
353 3090 366 3137 1
386 3103 421 3139 ac
439 3089 464 3138 A
484 3089 555 3139 atE
578 3085 590 3154 ΙΙ
613 3091 629 3139 2
645 3088 773 3154 patrica>
791 3088 1039 3141 laterisci.Gron.

115 3156 189 3223 (coli.
209 3155 290 3224 soph.
332 3193 338 3207 .
358 3155 387 3206 0.
406 3157 486 3221 1112)
508 3152 521 3224 ΙΙ
544 3158 561 3206 4
579 3161 686 3208 rectum
703 3157 767 3221 ΕΕψ
790 3153 802 3223 ΙΙ
826 3156 889 3222 qnid
908 3172 956 3206 me
975 3156 1038 3206 flec-

115 3227 175 3276 tis?
199 3240 224 3278 e.
242 3223 358 3292 gradum
381 3239 409 3290 p.
428 3223 446 3274 l.
470 3227 503 3275 οἱ.
522 3225 633 3275 LGron.
663 3220 675 3290 {l
708 3225 819 3276 8haac
837 3226 863 3274 E
890 3225 944 3273 hac
963 3223 987 3272 A
1017 3218 1029 3287 il

116 3296 151 3343 13
170 3293 316 3359 peragrati
326 3293 352 3342 A
371 3300 520 3359 peragrato
534 3300 571 3356 εψ
590 3299 746 3357 pererrato
764 3295 797 3347 ci.
810 3293 874 3344 ΕΡ.
892 3287 904 3356 [Ι
920 3292 952 3341 14
964 3305 1039 3340 mon·

114 3363 156 3411 tis
174 3362 200 3411 A
231 3365 323 3412 monta
342 3368 380 3426 εψ
408 3357 422 3430 Η
451 3363 483 3412 16
505 3361 642 3410 instincta
661 3360 686 3408 E
714 3357 726 3425 U
756 3362 788 3410 18
806 3359 888 3408 fixum
906 3357 1040 3422 praetulit

116 3434 196 3492 tryao
215 3429 240 3478 Ε
266 3429 360 3493 thyrso
377 3445 420 3499 pn
438 3428 457 3478 f.
477 3428 503 3477 A
533 3424 545 3494 ΙΙ
