2326 3922
482 197 632 246 OEDIPVS

93 358 134 399 an
151 356 241 416 aeger
256 338 372 399 animus
388 336 458 398 iaisa
474 354 529 414 pro
544 339 626 398 ueris
641 336 743 398 uidet?

93 435 179 484 eno.
204 423 432 501 adest—petitus
448 422 585 482 omuibus
601 424 678 482 uotis
694 421 795 482 Creo.

57 537 76 570 a
143 520 227 570 oren.
251 507 384 568 Horrore
399 508 515 586 quatior
530 506 587 566 iata
605 524 664 583 quo
679 514 805 584 uergant
819 505 926 567 timens
1034 517 1085 566 210

93 592 272 670 trepidoque
288 593 400 670 gemitu
415 599 519 668 pectus
535 590 685 651 adflictum
700 590 788 652 labat.

64 738 72 751 ,
93 675 149 737 ubi
164 676 240 737 laeta
256 675 338 736 duris
353 676 442 736 mixte
457 677 488 735 in
504 675 642 752 ambiguo
657 678 769 745 iacent,

95 763 231 821 incertus
246 761 361 821 animus
377 762 454 821 scire
470 777 537 820 cum
555 762 654 837 cupiat
670 761 762 820 timet.

94 863 239 924 germane
254 853 374 906 nostrae
391 846 525 922 coniugis
539 844 624 904 sessis
640 862 727 922 opem

94 932 122 988 si
139 947 226 1007 quam
242 937 392 1008 reportas,
408 947 483 989 uoce
498 933 656 1006 properata
674 929 797 990 edoce.
1034 937 1085 986 215

57 1029 76 1077 b
143 1026 224 1074 cflo.
247 1012 399 1092 Responsa
415 1013 526 1074 dubia
543 1021 623 1074 sorte
638 1013 779 1090 perplexa
794 1013 894 1074 latent.

96 1111 181 1158 om).
206 1097 353 1158 dubiam
368 1096 493 1158 salutem
509 1101 559 1176 qui
576 1097 626 1157 dat
641 1097 774 1167 adssictis,
791 1109 888 1175 negat.

141 1195 221 1243 0110.
244 1182 404 1260 Ambage
418 1181 493 1243 iiexa
510 1181 647 1259 delphico
662 1200 726 1242 mos
742 1189 786 1242 est
801 1182 856 1242 deo

95 1285 207 1328 arcana
223 1275 335 1343 tegere,

95 1364 180 1412 OED.
377 1352 440 1411 iare
456 1353 493 1412 sit
508 1349 659 1410 dubium
675 1350 746 1411 iicet

95 1435 276 1513 ambigua
293 1434 347 1495 soii
364 1453 488 1496 noscere
504 1434 672 1513 Oedipodae
688 1435 785 1495 datur.

59 1527 85 1584 a'
146 1532 199 1579 cre.
222 1518 347 1580 Caedem
364 1521 476 1598 expiari
489 1521 602 1596 regiam
618 1519 704 1580 exilio
720 1520 793 1582 deus

96 1612 129 1664 et
145 1605 354 1682 interemptum
371 1604 473 1664 Laium
489 1603 591 1665 ulcisci
606 1604 697 1664 iubet.

95 1707 159 1747 non
175 1695 242 1747 ante
258 1687 339 1748 caelo
354 1688 469 1749 lucidus
484 1696 586 1749 curret
601 1690 663 1749 dies

95 1773 281 1851 haustusque
296 1780 376 1834 tutos
392 1772 521 1834 aetheris
536 1775 605 1851 puri
621 1773 709 1832 dabit.
896 1817 903 1823 -

95 1870 180 1916 OED.
206 1858 314 1936 etquis
329 1865 503 1936 peremptor
519 1856 620 1918 incluti
635 1859 713 1935 regis
729 1857 800 1917 suit?
1032 1865 1082 1915 225

95 1959 187 2020 quem
204 1949 350 2002 memoret
365 1941 432 2002 ede
447 1941 600 2002 Phoebus:
625 1948 657 2001 ut
671 1960 783 2020 poenas
798 1941 867 2002 luat.

59 2142 77 2190 7
144 2122 198 2169 cre.
222 2110 266 2170 Sit
280 2127 388 2189 precor
404 2111 511 2171 dixisse
526 2117 622 2171 tutum
640 2112 705 2171 uisu
722 2118 752 2171 et
766 2111 867 2171 auditu
884 2110 1013 2171 horrida.

93 2204 202 2274 torpor
216 2193 325 2255 insedit
340 2213 395 2274 per
410 2203 507 2264 artus,
524 2195 648 2274 frigidus
664 2196 783 2272 sanguis
799 2197 867 2256 coit.

60 2293 80 2345 a
143 2277 179 2337 Vt
194 2285 309 2339 sacrata
325 2278 434 2357 templa
450 2278 565 2341 Phoebi
581 2279 708 2358 supplici
723 2281 832 2339 intraui
848 2279 923 2359 pede
1034 2287 1085 2337 230

98 2371 130 2423 et
144 2364 209 2440 pias
224 2381 334 2424 numen
350 2373 490 2443 precatus
505 2364 561 2425 rite
577 2364 700 2425 submisi
716 2382 835 2424 manus:

95 2449 216 2526 gemina
233 2446 371 2509 Parnassi
389 2447 494 2509 niualis
510 2467 562 2509 arx
579 2456 691 2509 trucem
709 2449 861 2509 [remitum
877 2447 966 2508 dedit.

59 2531 85 2605 γ’
139 2531 440 2609 iuminensphoebea
456 2531 557 2593 laurus
571 2536 694 2593 tremuit
709 2540 739 2593 et
752 2533 845 2592 mouit
860 2532 981 2592 domum

95 2633 132 2676 ac
147 2625 272 2695 repente
289 2626 388 2678 sancta
405 2616 494 2677 tontis
508 2616 627 2696 lympha
644 2617 754 2678 castalii
771 2618 861 2678 stetit.

745 2762 757 2786 Ι

163 2804 214 2853 209
234 2800 341 2854 CHOR.
354 2802 379 2851 E
391 2818 438 2852 om.
451 2803 476 2852 A
497 2801 595 2867 Oedipo
608 2803 667 2852 iibri
683 2806 780 2868 aliquot
798 2802 940 2852 attribuunt
950 2808 1016 2851 teste

94 2869 163 2920 Bau.
182 2867 195 2935 11
210 2871 263 2920 210
275 2869 434 2920 OEDIPVS
444 2869 580 2921 -cRuou
593 2871 618 2919 A
631 2886 678 2922 om.
695 2870 718 2919 Ε
734 2866 745 2935 11
763 2872 811 2919 211
824 2869 1016 2934 trepidumque

94 2936 439 3069 scicritscierit
451 2934 886 3071 §saturietatem
892 2937 1016 3054 “titii

94 3073 173 3122 datur
182 3068 236 3190 ΑΗ
245 3071 377 3137 perplexe
387 3087 440 3123 err.
450 3079 531 3138 type
542 3069 554 3139 11
566 3073 662 3122 iacent
671 3072 696 3121 Ε
706 3073 796 3123 latent
805 3072 830 3122 A
843 3067 854 3136 11
866 3074 916 3122 218
927 3072 1016 3122 OHO-

94 3139 162 3190 ssvs
175 3139 202 3189 Ε
238 3140 344 3190 reontio
356 3140 396 3190 est
407 3141 432 3190 A
445 3137 457 3207 11
468 3141 541 3190 flexa
553 3141 603 3204 Εψ
615 3141 684 3205 iege
696 3157 768 3191 nexo
784 3141 811 3189 V
819 3155 892 3189 nexa
906 3141 930 3189 A
942 3136 954 3204 11
967 3142 1015 3189 221

97 3207 212 3259 mem
225 3215 264 3272 εψ
281 3207 376 3258 eedem
389 3208 414 3258 A
425 3204 438 3274 11
452 3207 536 3259 exitio
549 3207 583 3256 Ε1
597 3205 670 3274 11222
689 3206 785 3257 CREO
803 3223 878 3257 manu
890 3209 1016 3256 detersum

97 3270 329 3341 [1112241010οψ
340 3270 460 3341 11000101
472 3273 533 3341 (010)
546 3275 571 3324 Ε
583 3272 594 3341 11
607 3277 657 3326 225
668 3277 706 3326 Et
718 3277 780 3340 quis
792 3273 842 3338 Εψ
855 3274 958 3339 Ecquis
970 3273 995 3321 A
1008 3269 1016 3337 11

97 3342 205 3394 uetuit
213 3347 309 3408 pretor
318 3351 342 3408 ψ
352 3339 470 3410 iidixiese
483 3349 508 3394 et
521 3349 550 3393 et
561 3359 607 3393 om,
620 3360 639 3393 α
650 3345 699 3393 ced
706 3359 774 3394 corr.
784 3345 810 3392 in
820 3336 929 3403 erratici!
940 3344 1016 3388 tuum

96 3417 120 3470 ψ
134 3406 148 3476 11
162 3409 278 3462 horride
289 3410 316 3461 E
333 3412 396 3461 ‘atii
407 3411 481 3462 librt’
500 3417 518 3464 t.
532 3412 622 3461 Detrio
640 3410 750 3462 horrido
762 3418 786 3478 ψ
804 3406 948 3460 horridum
962 3408 987 3458 A
1003 3407 1024 3471 11

97 3479 144 3527 231
162 3478 306 3530 fremitum
322 3478 350 3529 Ε
365 3480 481 3529 scottum
499 3475 611 3546 Α11234
628 3481 666 3534 At
686 3477 892 3551 011000100111
910 3477 936 3530 Ε
948 3478 967 3544 11
