2326 3922
157 215 217 278 1⁶22
435 227 616 276 44444144
633 207 791 275 4441444444
850 291 855 303 x

157 378 289 434 cessatve
305 376 424 438 tectum,
442 367 540 428 uibrat
556 369 585 426 in
600 366 725 428 fratrum
742 385 839 428 manu.

123 484 143 517 a
198 456 317 516 Lauiata
334 471 421 514 canas
437 460 531 513 mater
546 452 674 512 ostendit
689 470 797 522 comas,
1123 471 1151 517 44

156 549 241 619 rogat
256 538 428 607 abnuentes,
445 539 551 614 inrigat
565 536 636 597 lietu
652 554 751 614 genas.

157 643 266 702 negare
282 625 368 684 matri
384 625 435 702 qui
450 622 499 682 diu
516 620 638 692 dubitat,
656 629 761 700 potest.
1093 637 1123 686 80

126 828 146 860 a
201 805 269 854 100.
292 792 325 851 ln
341 809 388 851 me
404 809 486 851 arma
502 799 530 850 44
545 792 629 868 ignes
644 791 759 850 uertite.
787 791 881 852 inme
897 794 997 853 omnis
1011 800 1078 854 ruat

157 898 245 939 unam
261 880 548 954 iuuentusquaeque
564 874 601 934 ab
617 875 732 934 inachio
749 876 829 936 uenit

157 964 288 1023 animosa
304 979 388 1021 muro
405 978 538 1038 quaeque
555 958 681 1019 tlrebana
698 958 782 1020 lerox
1123 973 1163 1020 44

157 1046 311 1108 (1444444114
326 1063 404 1105 arce.
429 1045 501 1104 ciuis
517 1051 604 1121 atque
619 1043 714 1104 hostis
729 1043 817 1104 simul

157 1131 236 1191 huno
251 1132 341 1207 petite
357 1136 492 1190 uentrem
508 1130 558 1206 qui
574 1127 654 1188 dedit
669 1128 776 1188 fratres
792 1130 868 1191 uiro.
1091 1140 1122 1189 85

157 1216 231 1276 haec
246 1214 379 1274 membra
396 1214 504 1291 passim
520 1211 649 1290 spargite
665 1231 699 1273 ac
715 1211 862 1274 diuellite:

158 1317 212 1377 ego
229 1309 386 1377 utrumque
402 1295 515 1376 peperi.
548 1298 653 1373 ponitis
669 1297 780 1357 ferrum
797 1299 896 1360 ocius?

106 1398 110 1408 ⁴
159 1404 195 1445 an
212 1385 278 1445 dico
296 1395 374 1444 etex
391 1383 467 1461 quot
492 1381 626 1442 dexteras
641 1384 751 1442 matri
768 1381 861 1444 date.

24 1542 29 1551 ι
120 1478 147 1537 o'
203 1471 274 1530 Date
291 1468 359 1527 dum
376 1470 442 1545 piae
457 1474 534 1525 sunt.
566 1483 652 1525 error
667 1467 777 1526 inuitos
792 1467 889 1528 adhuc

162 1555 231 1613 lecit
246 1559 395 1621 nocentes,
413 1568 500 1609 omne
515 1551 651 1610 fortunae
665 1551 721 1610 fuit

160 1639 310 1714 peccantis
326 1638 353 1695 in
370 1653 424 1694 nos
441 1635 567 1694 crimen:
584 1635 641 1695 hoo
655 1637 786 1713 primum
802 1635 886 1697 nolas

160 1723 236 1781 inter
252 1722 378 1781 scientes
393 1722 516 1796 geritur.
547 1719 576 1777 in
592 1726 690 1779 uestra
706 1729 855 1781 manuest

159 1814 259 1865 utrum
275 1805 380 1865 uelitis.
413 1812 513 1863 saneta
529 1805 553 1863 si
569 1804 662 1881 pietas
677 1803 788 1880 placet,

160 1891 295 1950 donate
313 1896 461 1948 matrem
478 1907 561 1966 pace.
592 1890 616 1948 si
632 1887 741 1965 placuit
757 1887 867 1960 scelus,

159 1976 253 2034 maius
268 1982 403 2052 paratum
420 1980 477 2032 est:
495 1972 590 2033 media
607 1992 638 2032 se
655 1975 779 2049 opponit
793 1990 911 2049 parens.

159 2059 284 2137 proinde
301 2057 409 2117 bellum
425 2056 517 2117 tollito
533 2066 582 2116 aut
598 2051 667 2116 belli
683 2074 805 2117 moram.

126 2178 146 2210 a
202 2142 330 2202 Sollicita
347 2143 394 2201 cui
411 2159 490 2202 nunc
505 2149 599 2201 mater
615 2139 727 2201 alterna
744 2159 834 2218 prece

159 2226 251 2288 uerba
268 2226 451 2287 admouelro?
476 2227 582 2286 misera
597 2244 685 2304 quem
701 2225 863 2304 amplectar
878 2228 983 2305 prius?

159 2314 190 2372 in
206 2321 361 2390 utramque
378 2319 490 2389 partem
508 2311 600 2371 ducor
616 2310 733 2370 adiectu
748 2313 821 2388 pari.
890 2378 894 2387 ,

159 2399 208 2456 1414
224 2399 303 2467 afuit,
321 2396 372 2457 sed
390 2403 473 2474 pacta
490 2397 513 2455 si
529 2396 654 2455 fratrum
670 2393 778 2464 ualent,

160 2500 239 2540 nuuc
255 2481 328 2540 alter
344 2481 447 2541 aberit.
479 2497 549 2556 ergo
565 2481 622 2539 iam
638 2497 799 2558 numquam
816 2480 891 2540 duos

161 2568 216 2625 nisi
232 2567 274 2624 sic
291 2564 419 2624 uidebo?
442 2567 529 2643 iunge
546 2562 707 2642 conplexus
722 2566 806 2642 prior

229 2770 260 2817 77
285 2771 430 2829 cessatque
453 2784 474 2816 ω
504 2772 640 2816 44444444
664 2766 740 2815 ΝΗ4.
772 2762 783 2831 ΙΙ
812 2766 896 2816 telum
914 2767 940 2816 A
971 2772 1079 2817 tectum

161 2836 208 2900 Εψ
237 2832 250 2901 ll
279 2837 312 2884 80
334 2837 496 2884 continuatur
512 2850 607 2884 scaena
625 2836 650 2882 in
668 2833 693 2881 E
722 2848 812 2883 nouom
829 2833 919 2884 44444ιὶ4
937 2835 962 2883 A
992 2832 1005 2900 ΙΙ
1020 2836 1078 2884 -Io-

160 2908 247 2953 easta.
266 2903 415 2965 Polynices
430 2902 452 2949 A
466 2898 476 2966 ΙΙ
493 2903 524 2951 82
543 2918 598 2950 una
616 2911 639 2966 ψ
656 2903 716 2966 1184
734 2900 878 2951 descendit
890 2901 914 2950 A
934 2899 1067 2966 (1144.Ε11

161 2973 238 3020 ciues
262 2975 291 3019 at
312 2986 345 3019 ue
369 2970 463 3019 hostes
486 2969 510 3017 E
547 2970 615 3019 414414
639 2984 664 3017 a.
688 2968 775 3018 hostis
797 2970 822 3017 A
859 2965 871 3034 ΙΙ
908 2969 942 3019 86
971 2984 1033 3018 mea
1052 2971 1078 3020 A

160 3039 231 3087 haec
249 3038 273 3085 E
294 2985 310 3102 11
331 3039 363 3087 88
382 3053 418 3085 an
437 3037 533 3102 dicoup
553 3054 585 3086 eo
603 3036 628 3088 d.
649 3049 681 3085 αε
705 3031 715 3100 ΙΙ
740 3035 851 3086 dextras
869 3036 1035 3086 metridate
1055 3048 1079 3101 ψ

158 3105 290 3154 dexteras
312 3105 375 3168 lege
400 3102 467 3166 (ind.
490 3121 543 3154 err.
566 3104 663 3169 matri)
687 3102 761 3152 datis
786 3121 805 3153 α
843 3103 972 3154 dexteras
995 3106 1080 3154 matri

160 3173 268 3236 dete-E
292 3169 303 3237 ΙΙ
332 3175 363 3221 91
382 3172 410 3219 in
428 3187 477 3221 uos
497 3175 520 3221 A
544 3173 572 3221 in
590 3187 640 3222 nos
658 3181 695 3234 εψ
718 3167 730 3235 [l
758 3172 910 3222 altenare
928 3173 1079 3237 444444144-

160 3257 221 3291 oem
240 3258 261 3291 ω
279 3240 304 3289 d.
324 3243 439 3288 matrem
457 3256 527 3304 pace
547 3256 565 3288 oc
583 3240 608 3290 d.
628 3240 710 3289 matri
728 3244 817 3303 pacta
835 3240 868 3292 L.
881 3239 1001 3290 Mueller.
1020 3243 1079 3292 coll.

161 3313 212 3359 122
230 3326 268 3375 sq.
297 3304 309 3373 Η
338 3309 370 3356 96
389 3308 503 3370 proinde
522 3310 576 3356 iam
595 3307 620 3355 Ε
644 3308 699 3356 iem
717 3323 763 3358 om.
784 3304 809 3356 A
839 3303 851 3373 ll
879 3308 912 3357 97
936 3308 982 3357 eui
1005 3323 1080 3358 nuno

159 3379 284 3428 sollicita
296 3380 385 3424 mater
397 3375 422 3423 E
440 3375 511 3437 (soll.
531 3390 602 3423 nuno
622 3377 665 3424 oui
684 3389 717 3428 m.
737 3376 848 3437 464444.)
867 3374 928 3424 4411.
943 3377 989 3424 oui
1005 3391 1080 3426 nune

161 3461 196 3493 m.
216 3447 239 3494 A
277 3445 321 3494 cui
339 3443 399 3493 soll.
420 3458 501 3496 nunc,
520 3451 596 3506 map
620 3441 631 3508 ΙΙ
655 3444 843 3508 alternaprete
862 3442 887 3491 E
914 3439 927 3508 [l
958 3447 1004 3493 101
1023 3444 1081 3494 iam

160 3527 208 3561 orn.
228 3514 295 3562 lton
318 3527 372 3561 non
391 3512 422 3561 41.
444 3512 515 3575 Lips.
545 3506 557 3575 H
