2326 3922
348 170 618 220 euomuissmavu
635 171 765 218 uersu.
974 158 1035 222 129

113 318 235 377 fortuna
252 312 323 374 belli
337 329 455 390 semper
470 311 591 389 ancipiti
606 312 635 371 iu
651 309 718 370 lece
732 318 785 371 est.

113 401 325 481 quemcumque
339 398 418 458 Mars
433 396 580 456 decernit:
597 403 740 474 exaequat
754 397 828 457 duos
1085 418 1138 465 ⁶30

114 485 185 546 licet
200 486 318 562 inpares
333 483 391 542 siut
405 479 521 556 gladius
537 487 566 540 et
580 497 648 558 spes
663 487 692 540 et
707 487 803 541 metus

110 571 184 644 fors
200 585 287 629 caeca
304 573 413 626 uersat.
444 566 609 642 praemium
625 565 771 626 incertum
788 567 871 644 petis,
1051 587 1101 636 270

116 662 231 716 certum
248 651 354 713 scetus.

78 750 98 797 k
390 735 514 794 Fauisse
529 734 575 793 iac
590 733 667 793 uotis
682 734 753 794 dees

115 839 220 883 omues
234 821 306 881 tuis:
324 835 441 880 cessere
457 825 487 878 et
501 818 599 878 auersi
614 817 713 895 iugem

113 909 229 985 petiere
245 907 335 974 ciues,
351 902 435 963 clade
450 903 563 963 funesta
579 903 679 962 iacens

116 990 230 1050 obtexit
246 1006 333 1066 agros
348 986 441 1048 miles.
472 986 585 1049 exultes
599 985 673 1056 ticet>

114 1077 270 1152 uictorque
286 1073 385 1134 fratris
401 1069 493 1150 spolia
510 1071 616 1132 deiecti
632 1089 732 1149 geras:

113 1158 280 1238 plangenda
296 1156 392 1236 palma
409 1162 463 1217 est.
816 1229 821 1238 .

72 1244 101 1301 t(
492 1238 584 1312 Quale
601 1247 632 1300 tu
647 1241 705 1300 huc
720 1239 830 1302 beilum
846 1250 941 1320 putee,

115 1328 145 1387 iu
162 1344 221 1405 quc
236 1325 435 1386 execrandum
451 1326 547 1385 uictor
562 1325 690 1385 admittit
705 1323 788 1385 ueias

114 1413 140 1472 si
156 1410 283 1488 gaudet?
307 1411 387 1470 huuc
402 1427 490 1487 quem
508 1411 628 1470 uincere
643 1408 744 1491 infelix
761 1411 844 1488 cupis

117 1513 184 1556 cum
201 1496 319 1564 uiceris,
337 1493 461 1572 lugebis.
492 1493 635 1554 infaustas
651 1510 705 1571 age

113 1580 227 1640 dimitte
242 1595 365 1656 pugnas,
382 1578 476 1639 libera
491 1580 616 1656 patriam
632 1587 722 1645 metu,

112 1663 196 1724 luctu
211 1671 359 1742 parentes.

76 1758 95 1806 k
158 1760 236 1808 Pon.
390 1747 518 1808 Sceleris
533 1754 562 1808 et
577 1748 688 1807 fraudis
703 1764 772 1808 suae

113 1850 225 1911 peenas
240 1831 384 1893 nefandus
400 1832 492 1892 irater
508 1843 539 1892 ut
554 1831 649 1892 nutias
664 1832 758 1892 ierat?

112 1929 183 1976 100.
206 1935 245 1977 ne
259 1925 372 1977 metue:
395 1933 548 1994 poenas,
566 1917 728 1994 etquidem
744 1915 841 1976 seiuet
854 1935 983 1995 graues:
1081 1938 1131 1984 645

112 2001 260 2077 reguabit.
292 2008 336 2061 est
350 2001 424 2061 haec
440 2018 569 2078 poena.
601 2003 626 2059 si
642 2000 768 2072 dubitas,
785 2019 841 2062 auo

113 2088 249 2163 patrique
265 2085 364 2154 crede,
381 2084 508 2151 Cadmus
523 2085 580 2145 hec
595 2085 673 2146 dicet
687 2085 741 2145 tibi
1048 2106 1099 2154 285

113 2169 276 2249 Cadmique
292 2168 401 2248 proles.

91 2255 99 2273 '
438 2254 561 2332 Sceptra
578 2252 721 2314 Thebane
738 2254 792 2314 tuit

112 2341 252 2417 inpune
269 2338 340 2399 nulli
355 2355 474 2416 gerere,
492 2355 547 2399 nec
562 2341 719 2418 quisquam
735 2339 793 2399 fide
1083 2360 1133 2406 650

111 2430 200 2502 rupta
215 2422 327 2484 tenebit
342 2422 398 2484 ilia.
429 2423 486 2482 iam
501 2439 640 2484 numeres
655 2423 723 2483 lieet

113 2507 234 2568 tratrem
250 2509 327 2567 iuter
342 2509 422 2567 istus.

112 2593 180 2652 Ete.
459 2600 605 2667 numeret,
624 2599 667 2651 est
682 2593 755 2650 tanti
770 2591 842 2651 mihi
1048 2613 1098 2660 290

112 2693 180 2735 cum
196 2674 317 2751 regibus
332 2675 439 2735 iacere.
471 2684 502 2736 te
517 2675 622 2736 turbae
639 2675 755 2736 exulum

111 2758 239 2820 ascribe.

178 2927 229 2977 267
248 2931 411 2978 tormenta
428 2927 496 2978 belli
514 2930 544 2978 ei.
565 2928 646 2980 Swob.
672 2926 683 2994 ΙΙ
706 2930 755 2980 269
773 2929 867 2994 gladio
886 2931 912 2979 E
940 2927 952 2996 ΙΙ
979 2932 1029 2980 270

110 3008 171 3044 sors
190 3011 211 3044 ω
229 2995 292 3045 fors
309 2996 386 3045 NHs.
405 2996 439 3058 es.
457 2997 537 3062 Verq.
550 3000 596 3046 eet.
610 2997 654 3045 IX
665 3002 681 3046 5
704 2994 716 3062 ΙΙ
744 2998 816 3060 petit
834 3000 859 3048 A
878 3000 951 3062 petis
971 3006 1008 3060 εψ
1020 2994 1029 3064 d

109 3062 160 3112 276
172 3062 329 3125 frangenda
341 3064 367 3113 A
385 3063 543 3128 plangenda
561 3065 586 3113 Ε
600 3073 617 3114 t.
630 3065 704 3114 tur.
723 3061 734 3130 {i
751 3064 780 3113 id
792 3067 817 3115 A
836 3066 888 3115 hee
901 3066 927 3114 E
944 3062 955 3131 Η
979 3069 1028 3116 281

108 3129 190 3180 uerba
207 3129 457 3188 luctu—sceleris
475 3136 503 3182 et
520 3150 566 3184 om.
586 3133 611 3181 Ε
634 3128 646 3197 Η
669 3134 718 3181 284
741 3132 813 3181 haee
836 3139 879 3183 est
901 3149 991 3197 poena
1011 3150 1029 3183 α

107 3197 162 3247 hee
178 3211 254 3262 pene
273 3202 317 3248 est
334 3199 357 3248 R
375 3202 418 3248 est
429 3199 500 3249 haee
512 3216 538 3264 p.
558 3200 607 3264 Εψ
624 3196 636 3265 Η
652 3199 796 3248 thebarum
809 3201 835 3250 A
853 3201 976 3250 thebana
988 3204 1029 3251 cet

108 3264 270 3329 thebanum
290 3265 410 3316 thebano
422 3266 448 3315 E
460 3263 531 3332 “288
550 3268 667 3316 tenebat
684 3268 709 3316 A
728 3269 836 3318 tenebit
853 3268 879 3317 Ε
901 3283 1028 3318 numeres

105 3347 180 3385 corr.
204 3336 270 3386 m.2
293 3349 329 3383 ec:
350 3337 470 3383 numeris
487 3334 512 3382 E
545 3331 557 3400 Η
590 3337 640 3384 289
658 3333 740 3386 POL.
758 3351 870 3386 numero
895 3339 922 3385 et
947 3339 989 3384 est
1007 3353 1028 3386 ω

105 3399 194 3451 ΕΤΕ.
212 3405 354 3465 numeret,
375 3405 417 3450 est
434 3399 551 3453 B.Selrm.
568 3398 645 3465 {1290
663 3400 736 3452 100.
750 3405 776 3454 A
794 3420 840 3455 om.
854 3403 879 3451 Ε
895 3399 907 3469 Η
924 3407 951 3451 te
970 3407 1028 3452 tur·

104 3469 163 3518 bae
176 3469 203 3518 A
222 3473 251 3518 et
267 3469 329 3519 urbi
347 3467 371 3518 Ε
394 3464 406 3535 ΙΙ
428 3471 476 3520 291
497 3470 651 3520 ascribo-A
669 3472 773 3522 ascribi
786 3471 811 3519 E
828 3487 898 3521 corr.
917 3471 992 3520 NHs.
1005 3467 1017 3537 ΙΙ

161 3583 287 3618 stercus
302 3584 384 3620 rure.
803 3553 822 3616 9
