2326 3922
506 185 628 232 unum
960 168 1024 234 279

104 345 193 389 niens
208 327 287 386 intus
302 327 406 402 agitat,
424 323 546 385 uulnera
563 333 590 383 et
606 325 725 384 caedem
743 330 771 385 et
787 342 895 402 uagum

106 415 198 474 lunus
213 430 268 491 per
284 420 373 470 artus.
404 408 480 468 leuia
498 411 661 469 memoraui
677 410 776 469 nimis:

107 499 184 558 haec
200 499 284 573 uirgo
300 496 371 566 ieci,
388 495 508 572 grauior
524 503 648 571 exurgat
663 493 757 554 dolor.

83 583 109 641 2⁰
153 583 264 642 Maiora
280 582 337 640 iam
352 577 528 639 mesceleua
544 589 611 657 post
627 587 727 657 partus
743 580 862 639 decent:
1043 593 1076 639 50

112 668 266 744 accingere
282 667 324 726 ira
340 671 430 744 teque
445 666 476 722 in
492 665 613 724 exitium
630 683 701 743 para

112 752 213 811 lurore
229 757 298 811 toto.
330 751 586 828 parianarrentur
600 756 649 810 tua

115 835 234 914 repudia
249 834 396 895 thalamis.
428 852 485 912 qno
501 835 599 893 uirum
615 835 722 912 linquis
738 832 845 892 model

116 920 169 980 hoc
184 938 244 997 quo
259 928 358 979 secuta
377 935 418 980 es.
450 936 557 997 rumpe
570 921 630 979 iam
647 935 753 994 segnes
769 935 881 977 moras:

117 1023 187 1082 quae
201 1003 315 1065 scelere
331 1011 414 1081 parta
430 1011 487 1071 est,
505 1003 618 1064 scelere
634 1002 793 1083 linquenda
810 1011 854 1064 est
869 1001 984 1062 domus.
1043 1017 1076 1066 55

493 1268 640 1317 CHORVS.

103 1449 116 1481 a
241 1427 285 1488 nd
301 1445 405 1504 regum
421 1424 565 1486 thalamos
582 1428 703 1485 numine
717 1443 863 1505 prospero

198 1513 249 1591 qui
263 1510 376 1572 caelum
393 1512 493 1588 superi
509 1513 618 1589 quique
634 1519 742 1587 regunt
756 1510 866 1571 fretum

198 1597 292 1656 adsint
307 1614 373 1656 cum
389 1594 507 1674 populis
522 1597 578 1656 rite
595 1595 770 1656 iacentibus.

243 1765 375 1825 Primum
391 1765 573 1843 sceptriferis
589 1762 662 1824 colla
679 1765 849 1825 tonantibus

199 1859 303 1910 taurus
318 1847 396 1909 celsa
411 1850 487 1911 ierat
502 1856 621 1926 tergore
638 1849 776 1920 candido,

199 1935 339 1995 Lucinam
357 1935 434 1994 niuei
449 1935 557 1994 semina
575 1937 709 2012 corporis

200 2022 369 2098 intemptata
385 2021 455 2095 iugo
470 2016 568 2098 placet
583 2026 611 2079 et
627 2037 746 2097 aspera.

242 2188 343 2248 Martis
358 2189 534 2265 sanguineas
549 2206 625 2265 quae
640 2188 759 2248 cohibet
773 2207 894 2258 manus,

200 2291 278 2351 quae
294 2272 344 2333 dat
358 2270 509 2347 belligeris
524 2272 643 2333 foedera
660 2272 797 2351 gentibus

201 2366 230 2418 et
245 2375 338 2418 cornu
354 2357 462 2417 retinet
477 2358 569 2417 diuite
584 2360 715 2436 copiam,

201 2443 326 2503 donetur
344 2450 444 2502 tenera
461 2443 561 2502 mitior
576 2443 681 2504 hostia.

247 2611 291 2671 llt
304 2617 342 2671 tu
357 2611 418 2690 qui
433 2610 548 2671 lacibus
563 2611 700 2688 legitimis
716 2612 786 2672 ades

202 2701 319 2756 noctem
336 2695 497 2757 discutiens
513 2698 633 2773 auspice
649 2697 784 2766 dextera,

200 2780 260 2841 huc
274 2780 377 2841 incede
393 2781 485 2858 gradu
503 2779 650 2841 marcidus
665 2781 750 2842 ebrio

200 2865 394 2944 praecingens
410 2883 498 2926 roseo
515 2872 648 2943 tempora
665 2866 793 2928 uinculo.

131 3029 320 3043 *n—

184 3137 216 3185 47
235 3150 323 3200 uagos
342 3131 428 3250 ulqbil
446 3135 554 3200 linques
572 3138 598 3186 Α
617 3137 720 3200 linquis
739 3146 777 3201 εψ
790 3134 802 3204 ΙΙ
815 3139 846 3189 55
866 3141 951 3202 pacta
969 3135 1032 3198 tlErb

128 3205 200 3263 purte
217 3202 269 3253 EA
293 3199 305 3269 ΙΙ
328 3217 375 3252 see
387 3217 433 3252 ere
450 3209 592 3268 rumpetur
609 3203 678 3254 fides
695 3206 736 3254 Μ]
753 3222 792 3256 se.
812 3206 951 3268 linquetur
970 3201 1032 3266 (lin-

127 3271 873 3335 qnuorqttuomusnsclinquendaestdomuse·
894 3269 907 3337 ΙΙ
930 3271 1034 3334 591)νί-

126 3339 214 3388 uuna
231 3339 348 3404 primum
359 3337 386 3387 E
397 3333 409 3404 ll
424 3339 455 3388 61
475 3340 605 3389 feminum
618 3339 643 3388 E
653 3336 666 3406 ΙΙ
682 3343 715 3391 62
733 3342 836 3422 placet.
856 3343 884 3389 et
903 3337 995 3402 asperi
1012 3354 1034 3386 ω

124 3418 188 3456 cerr.
205 3406 270 3457 itl’
290 3407 1034 3473 coll.Verg.Geor9.III-56:aut'1ugadetractans

125 3470 308 3541 interdumque
327 3489 428 3539 aspera
447 3489 538 3528 cornu,
562 3471 575 3541 ss
