2326 3922
157 202 220 266 184
438 217 470 263 u.
487 216 620 264 suuaur
636 215 794 267 spurcas

117 357 143 415 ε’
198 358 250 418 Est
264 357 383 417 maius
399 354 549 434 aliquod
566 363 650 434 patre
664 364 791 418 mactato
807 358 923 420 nefas

155 460 211 520 pro
227 442 333 501 misera
350 441 443 518 pietas
459 439 557 520 eloqui
575 440 665 501 fatum
680 441 779 520 pudet.

120 568 128 590 2
155 525 301 587 thalamos
317 528 467 603 perempti
479 524 618 585 Phoebus
633 532 664 585 et
678 525 758 585 diros
775 533 857 587 toros

156 618 244 687 gnato
261 610 391 669 minatur
406 609 486 685 inpia
502 609 631 670 incestos
646 607 719 670 lace.

155 694 266 754 hicme
282 695 414 773 paternis
431 691 543 771 expulit
557 694 657 770 regnis
673 695 769 754 timor.

155 796 215 838 non
233 797 287 856 ego
304 785 425 857 penates
440 778 627 855 profugus
644 779 756 839 excessi
770 796 862 839 meos.

120 872 138 921 b
200 863 308 923 Parum
325 864 388 941 ipsc
403 862 497 922 fidens
512 861 648 922 mihimet
662 863 691 922 in
708 869 770 925 tuto
784 870 836 924 tua

156 955 261 1007 natura
277 948 363 1024 posui
378 948 452 1006 iura.
484 964 551 1006 cum
568 964 675 1024 magna
691 947 831 1028 horreas,

156 1031 234 1110 quod
251 1048 339 1108 posse
354 1032 419 1091 fieri
435 1048 495 1090 non
512 1039 598 1108 putes
614 1039 730 1092 metuas
744 1038 853 1092 tamen.

156 1123 260 1176 cuncta
277 1132 443 1191 expauesco
458 1133 566 1192 meque
582 1133 642 1175 non
659 1116 749 1176 credo
764 1116 847 1177 milri.

121 1201 147 1260 b'
200 1200 319 1260 lamiam
336 1197 445 1278 aliquid
461 1201 490 1259 in
506 1199 634 1260 roslara
651 1198 748 1260 moliri
763 1208 878 1278 parant.

155 1302 224 1344 nam
241 1284 310 1364 quid
326 1302 394 1344 rear
410 1284 489 1361 quod
504 1285 558 1345 ista
574 1283 712 1346 cadmeae
727 1283 791 1346 lues

154 1369 260 1430 infesta
277 1370 356 1444 genti
373 1375 471 1446 strage
487 1374 545 1428 tam
561 1366 620 1428 late
636 1368 713 1428 edila

156 1454 228 1514 mihi
242 1455 337 1532 parcit
354 1454 427 1513 unii
450 1454 498 1512 cui
512 1469 704 1514 reseruamur
719 1452 815 1514 maloi

122 1564 137 1598 o
198 1538 278 1597 lnter
293 1539 398 1599 ruinas·
409 1536 491 1597 urbis
507 1544 536 1599 et
550 1553 668 1616 semper
683 1539 770 1600 nouis

156 1621 290 1682 deflenda
306 1620 436 1681 lacrimis
451 1620 466 1679 f
470 1639 584 1682 unera
601 1639 635 1682 ac
649 1621 753 1700 populi
767 1629 879 1684 struem

155 1704 311 1766 incolumis
327 1706 420 1766 adsto.
451 1704 563 1766 scilicet
577 1704 691 1767 Phoebi
706 1723 776 1766 reus

155 1808 276 1867 sperare
291 1799 411 1867 poteras
426 1787 589 1875 sceleribus
604 1790 694 1850 tantis
709 1790 774 1850 dari

155 1891 280 1952 regnum
298 1872 434 1934 salubre?
457 1874 581 1936 fecimus
598 1872 713 1935 caelum
731 1892 853 1937 nocens.

121 1970 138 2019 b
200 1959 265 2019 Non
281 1977 351 2019 aura
368 1957 465 2036 gelido
480 1957 555 2019 lenis
571 1957 679 2020 adflatu
693 1961 777 2020 fouet

156 2041 262 2104 anhela
277 2042 403 2103 flammis
418 2043 523 2112 corda,
540 2061 600 2103 non
615 2043 738 2122 zephyri
752 2042 835 2106 leues

156 2129 285 2205 spirant,
302 2127 354 2187 sed
369 2129 438 2204 igue
453 2126 536 2204 frigit
551 2128 683 2188 aestiferi
699 2129 780 2188 canis

157 2211 242 2271 Titan
259 2210 353 2271 leonis
369 2218 453 2289 terga
469 2213 603 2272 nemeaei
618 2206 766 2289 premens.

120 2300 146 2358 b'
199 2296 335 2356 Deseruit
350 2313 450 2356 amnes
466 2313 553 2356 umor
569 2303 655 2374 atque
670 2294 780 2357 herbas
795 2295 878 2357 color

155 2388 277 2460 aretque
293 2381 395 2449 Dirce,
411 2381 509 2441 tenuis
524 2380 658 2440 Ismenos
672 2379 736 2441 fluit

155 2555 184 2608 et
200 2551 306 2626 tinguit
320 2550 401 2626 inopi
416 2548 495 2609 nuda
512 2549 560 2608 uix
577 2548 656 2608 unda
672 2549 757 2609 uada.

121 2645 138 2694 b
200 2632 333 2693 Obscura
350 2632 430 2694 caelo
445 2631 555 2718 labitur
570 2632 683 2693 Phoebi
698 2651 783 2694 soror

154 2718 305 2795 tristisque
322 2718 449 2777 mundus
465 2715 566 2778 nubilo
582 2715 674 2794 pallet
687 2719 772 2778 Ioue.
907 2730 931 2774 a.
946 2729 1075 2774 cxxxvii
1093 2727 1129 2774 45

224 2935 256 2984 18
279 2933 385 2999 aliquot
403 2934 437 2984 E¹
463 2933 575 2998 aliquod
592 2933 629 2983 E²
651 2937 725 2986 Vrat.
746 2952 791 3001 pr.
809 2953 840 2986 m.
864 2936 940 2986 aliud
957 2937 983 2986 A
1007 2933 1019 3003 ll
1043 2940 1079 2989 20

154 3004 281 3067 parentis
294 3004 345 3052 EA
364 3004 514 3067 peremptis
530 3004 557 3052 V
572 3006 733 3068 perempti
752 3005 848 3068 scripsi
858 3001 870 3070 ΙΙ
882 3006 914 3054 21
933 3007 1079 3055 ominatur

154 3069 181 3118 Ι.
196 3066 344 3135 6111111123
363 3085 437 3119 nuno
456 3068 524 3138 eigo
542 3069 568 3117 Ε
586 3085 640 3119 non
659 3087 710 3136 ego
728 3068 778 3138 ΑΗ
795 3074 828 3121 24
845 3073 927 3137 parui
944 3079 968 3136 ψ
987 3070 1078 3123 fidens

154 3145 242 3254 byssi?
251 3132 279 3253 lq
297 3135 579 3269 {Zeplgrffeftgrgffi
592 3134 762 3270 ”1137111125012
773 3135 887 3259 orrnbnaAl
898 3205 903 3275 Ι
914 3141 950 3257 ἐξ
964 3144 1033 3273 ιῖιξὲ
1051 3139 1080 3256 ξ’

153 3273 234 3339 ignes
254 3268 302 3337 All
314 3271 400 3335 friget
417 3272 442 3321 E
460 3272 548 3338 frigit
566 3272 590 3375 ζ.
603 3272 682 3323 Gran.
702 3280 787 3341 auget
804 3276 831 3325 A
843 3271 855 3342 Η
871 3278 905 3328 40
924 3273 1006 3325 Sitan
1024 3275 1051 3325 Ε
1070 3271 1081 3339 ΙΙ

154 3374 245 3424 nemci
263 3373 312 3435 Ep
331 3387 400 3422 corr.
419 3375 443 3421 A
455 3373 513 3439 1142
532 3389 636 3437 araque
656 3376 680 3424 Ε
692 3371 704 3440 Η
713 3382 776 3440 post
787 3376 810 3425 i.
823 3393 847 3427 a.
866 3379 984 3426 lacunam
1002 3378 1079 3426 unius

154 3457 243 3490 stersus
261 3443 375 3491 indicaui
385 3436 396 3506 ΙΙ
413 3443 445 3490 43
464 3442 541 3506 inopi
558 3443 584 3491 E
594 3443 634 3491 ΛΕ
645 3443 723 3507 Bmp.
742 3444 806 3508 ipsa
825 3445 850 3495 A
861 3439 875 3510 ll
890 3446 926 3494 45
944 3444 991 3493 dic
1010 3443 1086 3494 EM)

144 3523 221 3558 nouo
239 3510 268 3560 A
284 3509 363 3561 Ioue
381 3509 458 3561 Diis.
482 3505 496 3578 ll
