2326 3922
447 219 623 266 AGAMEMN
626 219 647 266 0

86 364 202 417 armata
218 356 314 418 Pallas
331 358 471 435 quicquid
486 367 537 418 ant
551 359 633 418 hasta
649 360 748 418 minax

84 449 139 502 aut
154 441 256 518 aegide
272 450 300 502 et
315 441 416 502 lurore
432 461 584 521 gorgoneo
601 452 711 522 potest,

85 533 140 586 aut
154 528 223 604 igne
238 527 334 604 patrio
350 536 474 605 temptat
489 537 519 587 et
534 527 615 588 caelo
631 546 727 588 nouae

85 611 202 687 spirant
216 610 374 689 procellae.

404 695 491 756 Solus
506 697 633 758 inuictus
648 696 733 757 malis

84 779 216 839 luctatur
230 781 330 840 Aiax.
361 779 427 841 uela
444 788 598 858 cogentem
614 781 693 841 hunc
708 799 759 841 sua

84 870 168 923 tento
182 865 308 925 rudente
323 863 440 925 llamma
456 867 628 943 perstrinxit
644 867 761 926 cadens.

83 947 213 1009 libratur
229 947 306 1009 aliud
323 949 442 1010 fulmen.
473 950 532 1010 hoc
547 957 608 1009 toto
623 952 736 1027 impetu

85 1039 203 1092 certnm
218 1033 339 1093 reducta
355 1033 450 1094 Pallas
466 1035 596 1095 excussit
610 1053 700 1095 manu

83 1118 197 1177 imitata
212 1126 337 1196 patrem.
368 1120 472 1180 transit
487 1120 606 1179 Aiacem
623 1128 652 1180 et
666 1127 759 1179 ratem

83 1204 219 1279 ratisque
234 1210 348 1280 partem
365 1221 466 1263 secum
483 1212 512 1262 et
526 1205 643 1265 Aiacem
660 1204 733 1264 tulit.

130 1285 176 1346 Nil
192 1286 240 1346 ille
257 1296 353 1348 motus
369 1288 460 1348 ardua
477 1297 509 1348 ut
524 1299 623 1348 cautes
639 1288 700 1348 salo

83 1369 240 1431 ambustus
256 1379 349 1441 extat,
367 1373 478 1432 dirimit
492 1374 628 1433 insanum
643 1391 725 1433 mare

82 1455 251 1534 fluctusque
266 1459 378 1535 rumpit
391 1464 513 1536 pectore
529 1466 558 1517 et
572 1476 680 1518 nauem
696 1475 785 1517 manu
843 1516 847 1522 .

83 1538 247 1618 conplexus
263 1542 292 1600 in
308 1561 340 1602 se
354 1544 443 1602 traxit
458 1551 487 1602 et
501 1561 589 1602 caeco
605 1545 679 1602 mari

84 1622 224 1685 conlucet
238 1626 334 1686 Aiax.
366 1645 454 1688 omne
469 1627 640 1705 resplendet
655 1628 772 1688 iretum.

83 1709 205 1769 tandem
222 1718 364 1788 occupata
380 1729 455 1790 rupe
471 1711 662 1772 furibundum
679 1713 793 1770 intonat

82 1811 243 1870 superasse
259 1813 338 1854 nurrc
353 1813 385 1855 se
400 1795 522 1875 pelagus
538 1805 625 1875 atque
640 1798 732 1872 ignes.
764 1797 865 1856 ‘iuuat

83 1878 193 1938 uicisse
209 1877 322 1939 caelum
339 1878 487 1941 Palladem
503 1880 615 1940 iulmen
631 1899 722 1940 mare.
807 1889 812 1897 '

129 1961 193 2022 Non
209 1981 257 2023 me
274 1964 386 2041 fugauit
400 1964 500 2025 bellici
515 1974 614 2025 terror
630 1967 676 2026 dei

83 2053 118 2107 et
131 2045 290 2108 llectorem
307 2066 364 2108 nna
379 2049 460 2109 solus
476 2059 505 2110 et
519 2050 642 2111 Martem
659 2049 712 2110 tuli

82 2129 220 2210 phoebea
236 2151 292 2193 nec
309 2151 357 2192 me
373 2132 429 2194 tela
445 2134 625 2212 pepulerunt
640 2135 743 2212 gradu.

82 2233 153 2275 cum
168 2216 334 2296 Phrygibus
348 2219 421 2279 istos
437 2220 571 2279 uicimus.
604 2228 671 2280 tene
687 2220 844 2280 horream?

82 2297 180 2360 aliena
195 2302 284 2361 inerti
299 2300 356 2362 tela
371 2304 462 2363 mittis
478 2304 609 2364 dextera.

82 2384 156 2462 quid
173 2387 196 2444 si
210 2388 275 2462 ipse
290 2387 420 2446 mittati’

455 2471 544 2532 Plura
561 2491 627 2532 cum
644 2473 767 2534 auderet
782 2473 898 2541 furens,

82 2552 212 2613 tridente
227 2573 333 2633 rupem
349 2554 467 2615 subruit
481 2555 594 2632 pulsam
612 2567 697 2635 pater

81 2635 238 2714 Neptunus
253 2640 319 2698 imis
334 2657 459 2700 exerens
475 2641 560 2701 undis
577 2651 665 2719 caput

81 2719 231 2798 soluitque
246 2731 377 2784 montem
394 2742 480 2801 quem
497 2726 606 2786 cadens
621 2736 722 2786 secum
741 2725 805 2786 tulit

80 2812 223 2884 terraque
238 2814 267 2868 et
281 2809 350 2886 igne
366 2809 463 2868 uictus
478 2817 507 2869 et
521 2809 626 2888 pelago
641 2811 726 2870 iacet.

150 2960 200 3009 551
219 2966 268 3010 aut
286 2960 380 3010 furore
399 2962 439 3011 εΑ
459 2966 492 3010 et
512 2962 589 3012 Gron.
608 2965 648 3012 ed.
669 2965 742 3011 1661.
766 2958 777 3027 ll
802 2962 850 3012 555
869 2961 958 3012 'lento
976 2962 1001 3009 E

80 3025 176 3077 Teneo
193 3027 219 3077 A
241 3024 254 3093 ll
277 3029 326 3078 557
345 3029 459 3078 Tortum
478 3029 601 3079 Joutanor
613 3031 746 3080 Pantanus
764 3045 799 3080 ex
817 3031 873 3081 cod.
891 3037 918 3078 ut
930 3031 1000 3079 uide·

80 3101 135 3144 tur.
162 3092 167 3159 Ι
202 3097 252 3146 559
272 3103 300 3145 et
317 3096 407 3161 magis
426 3096 451 3145 Ε
475 3102 502 3152 et
519 3096 613 3147 Aiacis
632 3099 656 3146 Α
681 3101 708 3147 et
725 3097 841 3147 Aiacem
859 3099 1001 3148 Pantanus

80 3160 154 3225 Mop.
197 3165 248 3213 563
266 3165 296 3213 in
314 3179 344 3214 se
363 3181 384 3214 ω
407 3165 478 3229 ipse
496 3164 546 3217 Bo.
563 3162 574 3231 {l
591 3167 640 3216 565
658 3165 821 3216 furibundus
840 3166 974 3230 RpMop.
992 3162 1001 3229 ll

78 3229 133 3280 555
150 3244 224 3281 nunc
241 3245 271 3282 se
289 3233 315 3281 Α
334 3247 364 3281 se
382 3248 430 3282 om.
451 3229 558 3298 1511571
577 3237 640 3283 tene
659 3233 786 3282 horreum
804 3233 871 3281 ΕΜ
888 3233 1001 3281 tandem

78 3296 110 3349 h.
128 3299 154 3347 A
177 3293 191 3363 ss
212 3300 263 3350 572
281 3299 381 3350 Aliena.
398 3299 483 3349 inerti
501 3299 559 3350 tela
576 3301 742 3366 pepulerunt
759 3300 846 3365 gradu
863 3299 888 3347 E
917 3299 961 3351 Al.
980 3300 999 3351 i.

77 3363 142 3415 tole
159 3366 235 3415 mitti
252 3367 368 3417 dextera
386 3369 410 3417 Α
439 3371 458 3416 5.
478 3369 566 3418 mittis
584 3368 698 3418 dextera
715 3369 755 3418 llE
782 3367 840 3418 tela
858 3366 1000 3432 perden-

77 3440 148 3484 tem
166 3449 266 3485 manu
286 3435 364 3486 tiron.
395 3436 606 3486 iaculantem
625 3439 666 3486 net
694 3436 1009 3487 mittentemmanu

77 3501 158 3554 ulra.
171 3498 184 3568 ΙΙ
195 3504 245 3553 577
263 3502 362 3566 Terra)
379 3519 446 3554 corr.
465 3519 502 3554 ex
520 3510 596 3555 torre
614 3505 640 3557 Ε
663 3502 675 3574 ll

740 3592 810 3660 22*
