2326 3922
449 198 627 249 THYESTES
657 245 660 252 .

162 345 288 421 fugiat
303 358 420 403 maeror
435 331 587 418 fugiatque
602 354 705 414 pauor.

163 431 287 508 fugiat
305 425 415 506 trepidi
430 442 529 486 comes
544 421 622 483 exilii

162 515 253 574 tristis
269 519 384 590 egestas

163 598 313 674 rebusque
329 594 428 674 grauis
443 592 540 673 pudor
555 591 679 654 aiflietis.
701 587 704 593 '

165 682 258 760 magis
274 680 352 741 unde
368 678 456 740 cadas
472 694 562 754 quam
578 695 637 756 que
653 674 753 735 refert.

212 817 289 895 Thy.
318 813 455 892 Magnum
472 830 508 873 ex
524 809 582 871 alte
598 808 727 870 eulmine
741 807 859 887 lapsum

166 899 300 963 stabilem
316 900 346 959 in
362 898 450 978 plane
465 897 556 974 figere
573 911 717 973 gressum.

166 1002 305 1062 magnum
321 982 432 1061 ingenti
447 978 707 1061 strage-malorum

165 1087 302 1149 pressum
317 1069 403 1129 fracti
417 1065 550 1145 pondera
565 1063 651 1142 regni
741 1095 748 1105 -

165 1172 226 1217 non
241 1154 347 1214 inssexa
362 1153 481 1212 ceruice
496 1150 557 1227 pati

165 1257 221 1300 nee
236 1240 414 1317 degenerem
430 1236 602 1312 uictumque
618 1231 703 1292 malis

165 1331 279 1385 rectum
296 1323 438 1400 inpositas
453 1319 533 1379 ferre
549 1319 659 1378 ruinas.

213 1460 301 1521 Odor.
330 1457 387 1518 Sed
404 1458 463 1516 iam
480 1456 563 1515 saeui
579 1451 679 1514 nubila
695 1452 746 1513 tati

166 1543 243 1624 pelle
258 1561 293 1605 ae
307 1541 433 1602 miseri
450 1538 599 1621 [tempore
613 1541 645 1600 t'n
661 1535 755 1616 omni]
774 1536 886 1597 dimitte
902 1542 994 1606 notas,
1014 1566 1064 1616 939

167 1629 291 1690 redeant
307 1625 405 1689 uultus
420 1625 457 1686 ad
473 1623 571 1685 laeta
586 1623 665 1691 boni,

166 1723 300 1776 ueterem
316 1731 352 1774 ex
367 1712 466 1772 animo
482 1711 565 1769 mitte
580 1708 737 1786 Thyesten.
757 1740 792 1751 -

210 1863 290 1910 unu.
317 1850 477 1928 Proprium
493 1849 550 1908 hoc
564 1848 730 1913 miseros
746 1847 879 1927 sequitur
894 1843 998 1901 uitium

53 1943 60 1961 ‘
167 1952 327 2015 numquam
343 1933 435 1996 rebus
451 1933 573 1996 eredere
588 1933 621 1995 la
631 1936 710 1997 etis.

44 2859 66 2917 c'

167 2019 269 2080 redeat
284 2018 354 2078 felix
369 2019 486 2079 fortuna
501 2018 579 2090 licet,

168 2111 267 2163 tamen
283 2102 407 2164 afflictos
423 2103 554 2182 gaudere
569 2106 658 2184 piget.

214 2289 289 2365 Tlry.
306 2288 381 2360 Quid
397 2306 446 2349 me
461 2307 586 2352 reuoeas
601 2292 770 2370 festumque
785 2296 867 2350 uetas

170 2372 323 2434 celebrare
339 2372 435 2433 diem?
457 2374 526 2454 quid
543 2373 640 2435 flere
662 2376 746 2436 iubes

168 2457 248 2517 nulla
263 2475 389 2534 surgens
405 2456 489 2518 dolor
504 2478 540 2520 ex
556 2461 662 2520 causat

170 2542 235 2619 quis
249 2559 297 2602 me
313 2540 452 2619 prohibet
468 2542 542 2605 itere
557 2545 673 2604 decenti

171 2628 285 2688 uincire
301 2627 438 2686 emnam?
462 2628 601 2705 prohibet
616 2629 765 2708 prohibet.

214 2762 303 2823 Ultor.
331 2763 445 2824 Vernae
461 2764 549 2841 capiti
565 2764 678 2826 duxere
692 2783 788 2835 rosae,

172 2846 274 2924 pingui
288 2846 424 2908 madidus
440 2849 528 2909 erinis
545 2867 660 2910 amomo

153 3137 205 3187 930
222 3134 305 3187 ΤΗΥ.
323 3150 371 3186 om.
391 3152 413 3186 ω
430 3136 532 3186 restitui
546 3132 557 3202 ΙΙ
575 3137 624 3187 937
644 3134 753 3187 CHOR.
772 3154 819 3189 om.
839 3156 860 3190 ω
879 3139 970 3188 addidi
981 3134 992 3204 ΙΙ

80 3206 135 3256 938
152 3203 287 3273 temporis
305 3218 399 3253 omnes
417 3202 442 3252 Α
461 3207 583 3268 tempore
602 3204 631 3253 in
650 3207 724 3254 omni
740 3205 766 3254 E
784 3208 833 3256 det.
851 3207 917 3258 R.P.
931 3202 1003 3271 [1942

81 3271 170 3322 ΤΗΥ.
184 3271 268 3322 Eum.
281 3266 392 3338 Allata
405 3270 492 3321 ΟΗΟ.
505 3271 588 3326 Eom.
602 3270 627 3320 Α
641 3273 723 3324 ΤΗΥ.
736 3276 831 3339 scripsi
847 3271 858 3340 Η
871 3277 920 3326 949
934 3274 1004 3337 quid

81 3355 127 3390 me
146 3339 281 3405 prohibes
300 3341 333 3392 ei.
350 3339 426 3390 NHe.
454 3335 467 3404 ΙΙ
495 3341 603 3389 recenti
622 3356 640 3389 α
663 3337 675 3407 Η
703 3344 754 3393 950
771 3343 882 3393 uincere
901 3342 926 3390 E
943 3340 1003 3390 uin-

83 3408 143 3458 eire
161 3404 239 3490 2⁴1·ss⁴
256 3407 391 3543 Γτοὶιὶδθε
408 3406 541 3472 prohibes
559 3413 590 3461 et.
610 3409 684 3460 NHs.
714 3406 725 3476 Η
754 3413 802 3473 951
823 3408 931 3460 OHOR.
956 3424 1003 3459 orn.

83 3492 115 3536 ω,
135 3481 238 3527 restatur
264 3473 269 3542 Ι

1013 824 1063 874 930

1015 1244 1064 1294 935

1015 1496 1065 1548 938

1016 1633 1066 1683 940

1016 2107 1066 2156 945
