2326 3922
350 208 552 256 wsarrracvnns
577 195 765 278 [caranus]
967 195 1031 259 377

223 446 364 494 NVTRIX.
389 444 570 493 natantiis.
594 440 736 491 LICHAS
757 441 921 496 TAOITVS.

159 601 184 662 0
200 618 288 681 quam
304 608 445 662 cruentus
461 600 585 662 feminas
600 600 730 662 stimulat
745 601 842 671 furor,

114 704 185 746 curn
202 687 296 764 patuit
311 703 368 747 una
384 685 490 764 paelici
506 693 535 746 ot
550 694 659 764 nuptae
674 686 790 748 doinus.

112 769 211 849 Scylla
228 778 257 831 et
273 769 436 849 Charybdis
451 769 543 831 sicula
559 778 760 847 contorquens
776 771 850 832 freta

113 858 214 915 minus
229 860 274 917 est
287 854 431 925 timenda,
449 853 529 915 nulla
545 872 606 915 non
622 854 728 915 melior
743 855 806 917 iera
822 862 875 916 est.

111 957 244 1016 namque
258 945 291 999 ut
306 940 413 1001 reluxit
428 938 546 1017 paelicis
562 947 666 1018 captae
681 941 771 1001 decus

113 1032 145 1084 et
162 1023 241 1084 iuisit
256 1023 316 1083 Iole
332 1023 427 1102 qualis
442 1023 561 1083 innubis
577 1024 639 1085 dics

112 1109 236 1188 purisue
252 1108 363 1168 oiarurn
380 1107 516 1169 noctibus
531 1107 611 1170 sidus
627 1110 729 1169 micat:

113 1194 195 1253 stetit
210 1193 320 1254 furenti
336 1191 438 1252 similis
453 1210 487 1252 ac
503 1200 621 1253 toruum
638 1195 757 1254 intuens

112 1276 256 1338 herculea
272 1278 414 1348 coniunx,
432 1278 539 1338 iota-ut
553 1279 683 1338 armenia
699 1280 799 1339 iacens

114 1361 172 1422 sub
189 1379 264 1440 rupe
279 1363 363 1440 tigris
378 1362 462 1422 hoste
479 1371 638 1440 conspecto
654 1362 735 1422 exilit

114 1455 168 1506 aut
182 1447 260 1506 iussa
276 1446 409 1526 thyrsum
426 1453 548 1524 quatere
565 1455 741 1525 conceptum
758 1446 859 1508 furens

112 1547 235 1591 maenas
250 1529 378 1609 Lyaeum
395 1530 483 1590 dubia
500 1548 558 1608 quo
575 1548 694 1608 gressus
710 1533 794 1592 ferat.

112 1615 211 1675 haesit
226 1632 402 1694 parumper,
420 1622 481 1675 tum
497 1632 551 1692 per
566 1615 723 1676 herculeos
738 1615 816 1677 lares

112 1699 236 1758 attonita
253 1699 362 1768 fertur,
379 1706 440 1758 tota
458 1701 505 1758 uix
522 1701 593 1760 satis
609 1700 788 1768 ostrianus,

112 1784 241 1843 incurrit
257 1793 336 1843 errat
350 1785 441 1843 sistit.¹
467 1785 495 1842 in
513 1783 610 1844 uoltus
626 1785 712 1844 dolor

111 1869 258 1946 processit
273 1869 383 1938 omnis,
400 1869 512 1945 pectori
528 1885 622 1944 paene
637 1870 740 1928 intimo

110 1950 187 2011 nihii
204 1961 248 2011 cst
262 1951 405 2012 relictum.
437 1951 524 2012 fletus
540 1955 704 2030 insequitur
721 1957 815 2015 rninas

111 2053 170 2096 nec
186 2053 262 2096 unus
278 2035 396 2098 habitus
413 2036 500 2097 durat
516 2045 566 2096 aut
582 2056 640 2097 uno
657 2039 727 2098 furit

111 2127 252 2180 contenta
268 2120 365 2181 uoltu:
389 2138 468 2181 nunc
483 2122 673 2183 inardescunt
689 2140 795 2201 genae,

110 2203 210 2284 pallor
225 2204 365 2265 ruborem
382 2203 464 2282 pellit
481 2213 509 2266 et
524 2207 636 2266 tonnas
652 2208 736 2268 dolor

110 2295 195 2350 errat
209 2308 263 2369 per
280 2307 398 2350 omnes:
422 2292 557 2368 queritur
574 2291 702 2369 inploret
717 2294 815 2371 gemit.

107 2391 239 2434 sonuere
256 2382 369 2452 postes:
393 2393 462 2434 ecce
478 2378 632 2454 praecipiti
648 2378 742 2453 gradu

108 2468 226 2519 secreta
243 2460 349 2519 mentis
364 2477 416 2519 ore
433 2460 556 2519 confuso
573 2463 675 2521 exerit.

106 2555 231 2603 Dsstan.
249 2561 467 2622 quamcumque
482 2552 595 2621 partem
613 2545 689 2605 sedis
706 2544 854 2606 aetheriae
869 2548 980 2624 premis

106 2628 240 2687 coniunx
257 2629 398 2695 tonantis,
416 2630 498 2693 rnitte
514 2629 542 2686 in
559 2628 680 2689 Alciden
696 2630 789 2690 ierarn

106 2729 186 2791 quae
202 2711 274 2771 mihi
290 2713 360 2772 satis
375 2713 420 2771 sit.
452 2714 474 2770 si
491 2731 546 2791 qua
565 2712 723 2774 secundum
741 2722 829 2792 caput

104 2794 216 2875 palude
231 2804 291 2857 tota
308 2797 418 2856 uastior
434 2814 557 2876 serpens
574 2806 687 2874 mouet,

174 3014 339 3080 nurum·
353 3015 532 3067 DEIANIRA
544 3018 595 3066 EA
615 3018 761 3069 LIOHAE
773 3035 861 3070 nomen
874 3021 963 3069 addidi
975 3037 1028 3070 coin

105 3085 165 3134 edd.
175 3078 198 3199 A!
219 3085 270 3135 236
287 3085 370 3136 NVT.
389 3084 414 3132 Ε
431 3084 530 3134 Nutrix
548 3085 571 3135 R
589 3102 635 3136 om.
654 3087 678 3135 A
700 3085 711 3151 ΙΙ
733 3088 810 3136 furor
826 3087 852 3134 Ε
874 3086 951 3137 dolor
969 3089 993 3138 A
1013 3090 1028 3149 li

105 3153 157 3202 240
195 3166 262 3201 ecus
275 3168 297 3201 to
315 3151 409 3203 decor
422 3152 497 3204 NHo.
511 3156 576 3202 cont.
589 3170 613 3205 u.
628 3150 762 3219 22211241
776 3156 804 3202 in
817 3155 904 3204 nubes
917 3156 943 3204 E
954 3151 965 3220 Η
978 3157 1027 3203 242

104 3218 223 3269 Purisue
245 3219 348 3269 clarum
367 3219 435 3268 Eoo
452 3219 589 3269 Purumue
608 3222 692 3271 claris
711 3222 735 3270 A
765 3218 776 3286 ΙΙ
805 3224 856 3272 244
874 3223 936 3271 fera
954 3223 993 3286 Rp
1013 3224 1025 3283 tt

107 3287 233 3336 armenia
251 3285 318 3335 ΕΜ]
342 3288 426 3351 Lupd.
445 3303 494 3352 nep.
515 3288 653 3339 Ascenstoo
683 3293 806 3338 armento
825 3290 850 3338 A
879 3285 891 3354 Η
919 3290 969 3337 246
988 3289 1027 3338 fe·

105 3368 170 3405 rens
188 3371 211 3405 ω
228 3354 333 3404 furens
350 3356 451 3418 scripsi.
465 3352 476 3421 Ι]
489 3357 538 3405 247
556 3357 630 3405 ferat
647 3356 672 3405 E
691 3361 758 3421 agat
770 3359 795 3406 A
807 3353 818 3422 ΙΙ
831 3358 881 3406 249
898 3356 1027 3406 Attonita

107 3421 197 3472 fertur
214 3421 240 3470 Ε
258 3422 326 3487 Lym
348 3422 416 3472 huto
433 3424 542 3488 rapitur
560 3425 585 3472 A
609 3420 620 3489 Η
644 3427 692 3474 252
711 3425 800 3474 minas
818 3423 844 3473 Ε
861 3439 949 3489 genas
968 3425 992 3474 A
1013 3426 1028 3488 [t

107 3490 158 3540 258
177 3490 279 3555 exterit
296 3439 346 3557 Εῇ
361 3493 411 3541 259
430 3491 610 3556 Quamcuquo
628 3491 678 3557 Εψ
698 3492 875 3561 Quocunque
896 3493 922 3544 A
939 3489 964 3561 tt
