2326 3922
353 207 537 255 nencvnas
560 195 724 278 [evenus]
950 196 992 260 29

34 355 58 416 a'
115 359 227 407 ΑΜΡΗ.
256 346 402 408 Perninee
418 346 535 407 Theseu
552 348 692 425 quicquid
708 348 766 408 alto
780 348 811 408 in
828 357 948 427 pectore

72 439 210 501 remanet
226 433 346 508 pauoris
361 449 438 491 neue
454 439 483 491 te
499 432 597 492 fructu
613 432 724 511 optimo

72 514 179 575 frauda
195 515 343 585 laborum.
375 534 451 595 quae
466 515 521 575 init
537 517 643 577 durum
660 519 729 596 pati,
1009 531 1059 582 660
1137 561 1140 570 =

72 602 246 661 meminisse
262 598 348 660 dulce
364 607 417 662 est.
447 601 527 660 lare
548 619 655 662 casus
677 601 862 662 horridos.

31 696 63 755 δ”
117 698 218 745 runs.
248 685 305 745 Fas
321 702 408 766 omne
424 685 526 745 mundi
542 693 630 763 teque
646 685 846 747 dominantem
862 704 969 765 precor

72 787 168 847 regno
184 772 286 848 capaci
303 777 390 848 teque
406 788 495 847 quam
511 777 571 830 tota
586 771 675 830 inrita

72 855 222 930 quaesiuit
234 854 327 914 Aetna
343 862 446 923 mater,
462 861 496 914 nt
510 855 574 914 iura
590 853 687 915 abdita

72 946 103 999 et
123 945 254 1018 operta
278 938 393 999 terris
413 937 501 1000 liceat
515 940 625 1017 inpune
641 938 777 1018 eloqui.

37 1137 52 1172 e
115 1107 261 1183 Spartana
278 1105 363 1167 tellus
378 1105 478 1167 nobile
493 1106 596 1167 attollit
611 1108 711 1185 iugum

70 1190 175 1250 densis
190 1190 241 1250 ubi
257 1209 369 1269 aequor
384 1192 537 1252 Taenarus
552 1191 633 1252 siluis
650 1195 767 1270 premit.

70 1275 121 1334 hic
137 1293 190 1334 ora
205 1274 293 1336 soluit
307 1276 379 1337 Ditis
394 1276 481 1335 inuisi
497 1276 602 1337 domus

70 1359 194 1436 hiatque
209 1377 301 1439 rupes
315 1358 373 1420 alta
389 1368 418 1421 et
433 1361 567 1421 inmenso
582 1379 674 1439 specu

69 1445 180 1520 ingens
195 1462 307 1522 uorago
322 1444 457 1505 lancibus
473 1446 563 1506 uastis
579 1453 659 1523 patet

67 1527 225 1607 latumque
240 1528 340 1608 pandit
355 1528 491 1589 omnibus
507 1529 623 1608 populis
639 1531 705 1590 iter.

32 1627 50 1677 d
116 1612 183 1672 Non
199 1630 285 1673 caeca
302 1613 433 1673 tenebris
450 1615 554 1692 incipit
568 1617 666 1692 primo
684 1615 740 1676 uia.

67 1699 173 1757 tenuis
188 1696 309 1758 relictae
323 1697 397 1758 lucis
412 1717 429 1758 a
446 1706 529 1776 tergo
546 1701 625 1758 nitor

69 1780 232 1858 fulgorque
248 1781 354 1843 dubius
369 1780 439 1842 solis
454 1784 564 1843 adllioti
583 1783 662 1844 eadit

70 1873 102 1926 et
117 1864 194 1925 ludit
209 1868 310 1928 aciem.
342 1875 429 1927 nocte
443 1867 485 1926 sie
501 1868 590 1928 mixta
607 1866 682 1927 solet

70 1949 222 2025 praebere
237 1950 338 2011 lumen
353 1953 466 2028 primus
481 1959 532 2012 aut
546 1970 632 2012 serus
647 1953 718 2012 dies,

73 2029 162 2116 [hinc
176 2039 279 2111 amplo
294 2040 400 2097 nocuis
413 2038 516 2112 spatio
530 2040 680 2098 laxantur
693 2040 777 2111 loeis,

70 2122 104 2178 in
119 2137 200 2194 quae
214 2137 300 2180 omne
315 2138 443 2181 mersum
452 2128 563 2197 pereat
577 2123 741 2182 homonum
755 2117 878 2203 penna]

34 2216 59 2274 (ι’
116 2203 179 2263 Nec
194 2204 237 2263 ire
252 2203 337 2264 labor
353 2212 406 2265 est.
438 2207 500 2282 ipsa
516 2205 635 2265 deducit
650 2207 707 2266 uia.

74 2299 108 2347 ut
123 2304 212 2364 saepe
227 2307 341 2367 puppes
357 2295 455 2349 aestus
469 2290 576 2350 inuitas
591 2293 676 2367 rapit,

74 2373 118 2431 sic
133 2388 246 2448 pronus
262 2378 313 2433 aer
329 2381 416 2449 urget
431 2380 519 2451 atque
530 2374 650 2435 auidum
666 2375 755 2434 chaos

76 2456 260 2534 gradumque
275 2466 357 2517 retro
372 2458 492 2517 flectere
507 2459 579 2518 haut
594 2477 734 2536 umquam
750 2459 850 2517 sinunt

74 2539 198 2600 umbrae
215 2549 342 2601 tenaces
367 2544 446 2602 intus
461 2544 585 2603 inmensi
601 2545 691 2604 sinus.

42 2656 56 2689 e
117 2625 233 2686 Placido
249 2627 347 2704 quieta
362 2626 470 2687 labitur
485 2626 578 2686 Letlre
594 2628 669 2688 uado

73 2709 223 2789 demitque
238 2729 325 2770 curas
340 2729 417 2772 neue
432 2712 585 2772 remeandi
600 2709 726 2790 amplius
1005 2725 1055 2774 686

72 2801 171 2870 pateat
186 2793 318 2863 facultas
335 2795 461 2857 flexibus
477 2794 574 2855 multis
590 2814 712 2874 grauem

139 2947 190 2997 668
211 2946 360 2996 Peruincet
377 2946 403 2995 Ε
425 2947 563 2997 Permiete
580 2950 606 2999 V
625 2945 637 3014 {l
654 2949 682 2998 in
700 2965 726 3012 p.
744 2947 822 2998 EVlt
845 2951 893 2999 duo
915 2949 987 2998 etri-

71 3014 155 3063 str'noe
181 3014 211 3063 in
233 3030 281 3064 om.
301 3014 325 3063 A
355 3010 367 3080 ΙΙ
401 3015 450 3064 666
472 3030 542 3078 quae
561 3016 586 3064 E
609 3031 661 3079 que
683 3017 730 3079 Vqr
754 3016 834 3080 quod
852 3032 870 3065 α
898 3013 910 3083 ll
938 3018 987 3066 664

72 3080 163 3130 Enna
181 3097 200 3130 oc
228 3077 240 3146 Η
268 3082 318 3131 666
340 3081 416 3145 loqui
437 3083 463 3132 V
483 3078 495 3147 [l
524 3084 572 3134 669
595 3084 720 3148 hietque)
740 3089 769 3132 at
786 3086 812 3134 in
830 3098 883 3134 roe.
900 3084 933 3134 Ε2
963 3082 974 3149 ΙΙ

72 3149 119 3198 671
143 3146 259 3213 pandit)
286 3149 371 3199 udin
397 3166 451 3200 raa.
475 3149 511 3198 Ε2
551 3148 563 3215 ΙΙ
604 3152 652 3201 672
683 3151 801 3216 incipiet
827 3154 853 3203 V
891 3149 903 3218 [l
937 3155 986 3204 675
1024 3148 1054 3172 ’“

72 3215 128 3266 tale
152 3231 207 3266 non
230 3216 314 3267 dubie
332 3216 405 3267 solet
424 3216 449 3266 Α
480 3223 561 3268 noete
584 3221 626 3268 sie
648 3219 733 3267 mixto
757 3219 829 3270 solet
851 3220 908 3271 EV
929 3220 988 3280 (sed

70 3283 110 3332 ln’o
126 3283 223 3347 mista)
239 3284 390 3335 IPalatinua
412 3279 425 3350 ΙΙ
448 3287 582 3336 677-678
600 3289 684 3336 delent
705 3283 716 3352 Η
740 3289 789 3337 678
807 3289 913 3351 Hincq3
929 3288 954 3337 V
964 3285 975 3351 ΙΙ

70 3367 103 3399 un
132 3353 266 3416 pergat?
304 3347 316 3418 ΙΙ
353 3354 402 3404 681
426 3368 527 3418 agger
554 3369 573 3404 oc
610 3350 621 3419 ΙΙ
657 3356 707 3405 683
733 3356 859 3404 immensi
885 3354 911 3402 E
944 3354 984 3401 iu-

68 3419 160 3468 mensi
175 3421 201 3469 V
222 3420 369 3470 sinusEV
387 3421 519 3469 immenso
539 3422 638 3471 siuuA
659 3418 671 3487 ΙΙ
696 3423 746 3471 684
764 3421 876 3471 letheA
899 3417 988 3485 lethes

67 3485 93 3533 Ε
119 3485 286 3551 lethesepV
316 3484 328 3552 ΙΙ
361 3487 411 3538 686
437 3488 561 3539 fletibus
588 3492 629 3538 ed.
647 3490 709 3554 Βῆ),
742 3486 754 3555 ll
