2326 3922
483 227 632 276 OEDIPVS

100 369 240 430 caerulea
258 367 347 429 fuluis
362 369 452 428 mista
468 367 619 428 oberrauit
635 369 726 437 notis,

99 456 265 532 sanguinea
282 470 404 522 rursus,
421 452 524 514 ultima
540 455 570 511 in
586 453 725 513 tenebras
740 452 810 513 abit.

87 535 92 548 ’
145 538 205 599 Sed
223 556 292 598 ecce
307 539 540 616 pugnax'ignis
556 539 587 597 in
603 545 702 614 partes
718 537 790 597 duas

96 623 230 684 discedit
245 630 320 683 etse
336 622 444 682 scindit
459 623 546 682 unius
561 623 638 683 sacri

94 709 217 769 discors
233 705 341 768 lauilla.
374 709 491 784 genitor
507 706 650 766 horresco
666 707 803 766 intuens:

94 791 190 854 libata
207 791 318 851 Bacchi
333 791 410 851 dona
427 799 576 869 permutat
592 808 681 850 cruor

95 877 255 954 ambitque
270 875 380 937 densus
395 876 509 954 regium
526 875 625 935 sumus
641 882 731 954 caput

94 963 243 1041 ipsosque
259 962 338 1020 circa
354 962 476 1037 spissior
491 959 591 1020 uultus
606 959 697 1020 sedet.

99 1046 146 1127 [et
162 1047 243 1106 nube
257 1047 351 1105 denso
366 1047 523 1107 sordidum
539 1048 634 1106 lucem
651 1042 793 1123 abdidit]

142 1129 222 1199 Quid
239 1131 290 1199 sit,
307 1147 414 1208 parens
431 1129 530 1189 ellare.
718 1184 720 1189 ,

100 1228 170 1275 rin.
573 1212 642 1292 quid
659 1214 715 1272 lari
731 1230 836 1290 queam

101 1300 179 1360 inter
194 1296 341 1358 tumultus
357 1299 463 1358 mentis
479 1299 619 1358 attonitae
635 1299 747 1375 uagus?

103 1383 244 1461 quidnam
261 1380 386 1461 loquar?
409 1392 478 1442 sunt
494 1382 558 1442 dira
574 1381 626 1443 sed
642 1384 671 1441 in
688 1380 746 1442 alto
762 1380 847 1442 mala.

104 1467 176 1529 solet
191 1469 236 1528 ira
255 1468 344 1527 certis
359 1469 513 1527 numinum
530 1466 645 1527 ostendi
662 1469 747 1528 notis.

104 1551 170 1630 quid
187 1551 268 1611 istud
284 1558 328 1612 est
346 1550 425 1630 quod
442 1569 507 1612 esse
522 1551 668 1629 prolatum
687 1534 791 1612 [diunt

103 1638 269 1713 iterumque
286 1633 389 1696 nolunt
404 1644 433 1696 et
448 1644 547 1696 truces
562 1637 623 1696 iras
638 1638 759 1714 tegunt?

87 1720 96 1777 l'
143 1720 241 1780 Pudet
256 1720 328 1780 deos
343 1721 442 1780 nescio
458 1720 538 1800 quid.
570 1720 630 1780 huc
645 1738 773 1798 propere
789 1720 915 1782 admone

103 1814 129 1864 et
143 1822 253 1883 sparge
268 1804 344 1864 salsa
361 1804 436 1866 colla
451 1812 605 1865 taurorum
621 1805 708 1864 mola.

102 1888 259 1967 placidone
274 1888 358 1949 uultu
374 1907 458 1950 sacra
474 1896 503 1950 et
519 1889 652 1950 admotas
667 1908 772 1951 manus

102 1975 273 2050 patiuntur?

101 2071 184 2117 narr.
295 2056 385 2117 altum
401 2066 503 2118 taurus
520 2057 656 2119 attollens
671 2066 761 2138 caput

101 2145 212 2219 primos
229 2142 265 2202 ad
283 2149 365 2202 ortus
381 2144 494 2219 positus
506 2145 626 2221 expauit
641 2144 719 2204 diem

102 2227 295 2304 trepidusque
311 2225 426 2286 uultum
443 2226 574 2306 obliquat
590 2237 618 2289 et
633 2227 831 2305 radioslugit.

141 2325 211 2370 Tm.
236 2309 338 2370 Vnone
353 2318 464 2371 terram
481 2311 605 2372 uulnere
620 2311 735 2374 adllicti'
745 2313 866 2390 petunt?

102 2410 184 2455 nan.
211 2397 337 2455 iuuenca
352 2394 432 2455 terro
449 2403 548 2457 semet·
557 2396 684 2473 inposito
700 2398 794 2457 induit

103 2491 127 2539 et
143 2479 271 2540 uulnere
287 2497 346 2539 uno
363 2479 483 2550 cecidit,
501 2488 530 2541 at
545 2487 646 2541 taurus
662 2480 737 2541 duos

102 2581 260 2644 perpessus
277 2565 352 2624 ictus
367 2564 426 2624 huo
442 2573 471 2625 et
486 2566 545 2625 huc
561 2565 667 2625 dubius
684 2567 744 2625 ruit

103 2651 289 2726 animamque
306 2649 399 2709 lessus
415 2651 463 2709 uix
479 2649 673 2710 reluctantem
691 2651 836 2727 exprimit.

87 2739 90 2786 t
140 2746 209 2793 rue.
235 2735 338 2793 Vtrum
355 2737 459 2794 citatus
476 2734 600 2795 uulnere
617 2742 740 2811 angusto
757 2737 845 2795 micat

104 2834 134 2876 an
150 2817 249 2878 lentus
264 2816 338 2878 altas
353 2820 461 2894 inrigat
477 2817 577 2896 plagas
593 2820 701 2879 cruor?

104 2914 181 2962 nan.
206 2902 293 2962 huius
309 2919 363 2979 per
379 2905 472 2979 ipsam
489 2921 546 2980 qua
562 2911 643 2980 patet
659 2910 761 2981 pectus
779 2905 856 2964 uiam

105 2986 207 3047 ellusus
224 2987 336 3053 amnis,
353 2987 440 3047 huius
457 2989 563 3063 exiguo
579 3006 687 3065 graues

164 3242 214 3290 324
233 3239 333 3289 ultima
345 3240 370 3289 E
388 3240 515 3290 ultimum
528 3241 552 3288 A
565 3237 577 3306 ll
589 3244 637 3291 331
657 3243 743 3292 densa
755 3261 776 3294 ω
796 3249 882 3293 tensa
901 3245 928 3295 0.
943 3245 1013 3293 Bor-

100 3305 168 3356 llius
187 3322 287 3357 uersum
305 3309 389 3358 deleat
404 3303 415 3372 ll
432 3310 481 3358 333
500 3323 589 3373 uagus
608 3309 633 3357 E
652 3325 738 3375 uagos
758 3312 782 3360 A
801 3308 812 3375 ΙΙ
829 3313 877 3360 337
895 3311 952 3360 iras
971 3312 1013 3360 eli

108 3385 161 3424 oros
179 3375 203 3423 A
228 3369 240 3438 ΙΙ
264 3376 314 3425 338
332 3390 418 3440 prope
437 3376 476 3424 Ml
490 3376 511 3426 G
527 3378 553 3426 V
556 3374 566 3406 ²
589 3373 600 3444 11
624 3379 674 3427 343
692 3380 796 3428 uultum
815 3378 882 3428 solis
901 3382 929 3428 et
947 3379 1013 3426 ΕΜ]

108 3441 201 3491 uoltum
219 3441 349 3505 obliquet
368 3447 396 3492 et
415 3444 439 3491 A
464 3440 476 3505 ΙΙ
499 3446 548 3494 345
567 3445 695 3510 imposito
713 3447 739 3495 E
749 3447 788 3496 on
801 3448 909 3508 Voreda
928 3462 1012 3511 oppo-

108 3507 151 3558 sito
169 3511 192 3558 A
213 3511 341 3575 opposita
362 3505 406 3578 ΗΠ
419 3513 466 3562 351
485 3511 566 3562 huius
585 3514 637 3576 Ep
657 3516 736 3563 uiuus
755 3515 779 3562 A
803 3510 814 3578 ll

745 3595 807 3660 13*
