2326 3922
81 167 145 232 340
472 179 614 227 menum

122 322 181 382 Nos
204 320 257 381 alia
274 322 369 379 maior
384 319 543 397 naufragos
558 300 648 398 pestis
662 326 758 380 uocat.

80 414 123 467 est
137 405 256 465 humilis
272 405 350 465 unda
367 405 500 482 scrupeis
515 405 640 464 mendax
658 404 741 464 uadis

78 490 130 551 ubi
146 509 215 550 saxa
231 491 341 569 rapidis
358 488 456 548 clausa
473 488 634 549 uerticibus
649 490 724 566 tegit

77 575 166 636 fallax
182 574 360 652 Caphereus,
392 580 505 633 aestuat
521 572 652 653 scopulis
669 572 778 633 lrelum

83 661 237 737 feruetque
254 677 372 737 semper
386 657 494 718 ductus
509 657 621 719 alterna
638 658 712 718 uice.

120 748 179 806 Arx
195 745 319 802 inminet
334 751 492 820 praerupta
509 760 584 819 quae
603 748 717 819 spectat
732 761 816 803 mare

77 831 227 907 utrimque
243 830 406 905 geminum.
437 826 555 904 Pelopis
570 828 640 887 hinc
656 845 724 886 oras
740 829 782 887 tui

83 921 112 973 et
126 913 257 973 Isthmon
274 920 337 972 arte
356 913 405 988 qui
421 921 597 973 recuruatus
612 910 676 972 solo

80 999 158 1057 ionia
175 999 257 1072 iungi
272 998 363 1055 maria
380 996 511 1072 plrrixeis
527 1004 624 1065 uetat,

82 1082 152 1141 lriuc
167 1080 280 1140 scelere
296 1080 427 1139 Lemnon
444 1079 591 1149 nubilem,
609 1082 679 1141 lrinc
695 1079 884 1142 Chalcedona

77 1167 251 1244 tardamque
267 1164 379 1224 ratibus
394 1163 490 1225 Aulin.
520 1165 598 1225 hanc
613 1183 712 1225 arcem
729 1174 863 1244 occupat

77 1251 242 1311 Palamedis
259 1249 308 1309 ille
326 1251 443 1326 genitor
459 1257 488 1308 et
504 1248 616 1309 clarum
632 1267 722 1309 manu

80 1334 179 1396 lumen
196 1334 323 1394 nefanda
341 1336 453 1394 uertice
469 1352 484 1393 e
500 1352 617 1394 summu
634 1335 761 1396 efferens
1021 1347 1064 1395 590

84 1421 113 1478 in
129 1439 199 1480 saxa
214 1419 294 1479 ducit
309 1419 420 1494 perfida
437 1418 561 1479 classem
578 1419 651 1478 lace.

122 1504 253 1563 Haerent
269 1504 361 1562 acutis
377 1503 501 1579 rupibus
517 1504 592 1563 lrxue
608 1509 696 1563 rates.

79 1588 132 1647 lras
147 1589 243 1664 inopis
259 1587 355 1647 undae
372 1587 473 1647 breuia
490 1589 687 1647 conminuunt
702 1587 787 1648 uada.

79 1690 148 1751 pars
164 1673 281 1731 uehitur
297 1672 384 1730 huius
400 1674 509 1749 prima,
527 1690 596 1751 pars
611 1671 733 1749 scopulo
749 1670 850 1740 sedet,

79 1756 156 1817 hauc
172 1755 228 1815 alia
244 1764 325 1815 retro
341 1759 433 1834 spatia
449 1756 629 1834 relegentem
647 1757 717 1816 ferit
1012 1767 1051 1814 595

81 1847 110 1901 et
125 1841 217 1901 fracta
234 1841 350 1917 frangit.
382 1842 439 1900 iam
455 1841 559 1900 timent
574 1849 685 1901 terram
702 1849 781 1902 rates

80 1932 109 1986 et
124 1928 216 1986 maria
233 1923 353 1986 malunt.
387 1925 491 1985 cesidii
505 1927 535 1984 in
552 1924 647 1986 lucem
664 1926 757 1987 luror.

79 2020 236 2089 postquam
252 2008 366 2070 litatum
383 2019 427 2070 est
441 2009 511 2078 llio,
528 2009 667 2070 Phoebus
682 2011 760 2071 redit

80 2103 109 2155 et
125 2096 231 2155 damna
248 2097 344 2154 noctis
360 2095 450 2153 tristis
466 2095 593 2155 ostendit
609 2095 680 2154 dies.

34 2193 38 2199 '
123 2193 222 2239 curu.
248 2185 395 2240 Vtrumne
411 2177 525 2238 doleam
541 2178 634 2240 laeter
649 2198 686 2240 an
701 2179 844 2239 reducem
860 2180 972 2240 uirum?
1004 2183 1035 2232 td]

79 2283 228 2325 remeasse
243 2264 351 2332 laetor,
369 2262 479 2323 uulnus
495 2271 524 2321 at
539 2264 624 2339 regni
639 2281 731 2341 graue

79 2348 180 2427 lugere
197 2367 296 2427 cogor.
328 2348 419 2408 redde
435 2349 491 2407 iam
509 2348 594 2408 Grais
610 2358 694 2425 pater

79 2433 201 2495 altisona
218 2436 351 2515 quatiens
367 2450 458 2509 regna
475 2432 607 2510 placatos
623 2433 705 2492 deus.

147 2721 196 2770 580
214 2721 368 2769 uerticibus
387 2720 435 2784 Εψ
453 2718 606 2768 uerticibus
626 2719 651 2767 A
675 2714 686 2782 ΙΙ
710 2719 758 2767 581
783 2718 954 2783 chaphereus
970 2717 994 2766 Ε

80 2787 241 2852 Caphereus
259 2790 284 2837 A
305 2784 318 2854 ll
338 2789 387 2838 583
406 2802 468 2837 arsx
487 2786 511 2834 Ε
528 2783 539 2852 Η
560 2788 609 2836 686
627 2785 741 2835 leniuon
759 2787 784 2834 Ε
802 2782 813 2851 ΙΙ
830 2788 951 2837 nobilem
968 2790 1006 2834 et

80 2856 251 2905 calchedona
275 2856 299 2903 Ε
329 2871 355 2903 n.
375 2856 439 2904 hinc
459 2855 650 2916 calcedonaue
681 2869 707 2906 n.
732 2856 760 2901 et
782 2853 849 2903 hinc
872 2863 895 2918 ψ
924 2871 949 2906 n.
968 2856 1005 2902 et

78 2923 143 2972 hinc
162 2923 312 2973 Chalcida
331 2940 349 2972 u
367 2939 393 2974 n.
412 2923 477 2971 hinc
497 2922 687 2972 Chalcedona
709 2920 803 2972 IGron.
816 2919 891 2986 11688
910 2926 1015 2971 arten

78 2990 104 3038 Ε
121 2987 132 3055 ΙΙ
149 2993 199 3040 590
219 3007 232 3039 e
252 3005 355 3039 summo
374 2991 411 3039 eli
430 3006 464 3039 ex
482 3005 504 3041 s.
523 2991 548 3038 A
565 2986 576 3054 ll
593 2991 641 3038 591
661 2989 739 3038 ducit
758 2989 798 3038 εΑ
822 2990 900 3039 duxit
920 2991 1028 3040 Gron‘

79 3059 119 3109 ed.
133 3059 205 3106 1661.
217 3054 229 3121 ll
242 3059 290 3106 597
309 3059 345 3106 Et
362 3059 451 3107 maria
470 3056 576 3106 malunt
594 3057 618 3104 Ε
631 3056 706 3105 IPal.
725 3055 891 3121 Maluntque
910 3059 1025 3106 mari*

78 3125 119 3175 nd
132 3124 206 3173 IPal.
222 3124 300 3173 (irtel.
321 3124 475 3189 Voluntque
494 3125 581 3174 meria
600 3125 625 3173 A
643 3124 822 3188 Voluuntque
836 3127 927 3175 maria
942 3126 984 3186 ψ1
1006 3116 1023 3129 “

79 3192 183 3244 cecidit
200 3193 249 3255 Εψ
275 3191 349 3240 cedit
366 3194 391 3242 A
407 3189 421 3259 [l
436 3196 466 3241 in
483 3193 572 3241 lucem
592 3192 641 3255 Eu
665 3192 693 3240 iu
711 3192 816 3242 luctum
836 3210 855 3243 α
873 3189 999 3259 116981)

78 3262 96 3314 Ι.
121 3268 164 3311 est
186 3260 234 3309 illo
258 3260 381 3324 phoebus
405 3260 478 3310 redit
496 3259 520 3308 Ε
550 3259 611 3310 ΙΙὶο
636 3261 714 3310 Gron.
750 3258 842 3310 illico
866 3261 1013 3311 Berseliu:

77 3328 107 3380 P.
126 3329 145 3379 l.
166 3334 217 3387 eet,
237 3328 365 3377 Phoebus
383 3328 411 3376 in
429 3328 520 3376 lucem
538 3328 609 3377 redit
626 3329 651 3378 A
664 3324 737 3394 11600
755 3327 866 3378 doleam
885 3345 922 3378 an
940 3327 982 3377 lae

78 3397 156 3444 luere
179 3396 236 3447 red.
259 3412 285 3446 u.
310 3395 335 3443 Ε
365 3395 390 3444 d.
415 3395 506 3445 laeter
529 3410 565 3443 an
588 3412 610 3444 r.
636 3412 661 3445 u.
680 3397 705 3446 A
735 3391 747 3462 ΙΙ
777 3397 825 3446 601
846 3397 938 3448 luetur
956 3406 1005 3446 er-

70 3461 145 3516 leter
162 3475 186 3530 ψ
203 3461 215 3534 [Ι
235 3469 263 3517 et
282 3464 306 3516 Ε
328 3469 356 3515 al
375 3460 485 3531 Alldd‘l.
502 3463 578 3527 prais
597 3464 646 3511 En
662 3463 789 3526 graiiau
812 3460 824 3529 ll
