2326 3922
143 222 184 286 14
414 237 446 285 E.
471 236 603 284 nnnsEr
627 235 783 283 SEsEan

142 378 268 437 fortasse
285 376 385 444 faciet,
402 376 522 436 sordido
539 378 684 455 premitur
699 376 810 456 iugum

115 449 284 547 Teudmen
295 465 399 538 proies
413 465 603 536 civitasque
614 462 791 536 Amphionis

50 552 52 556 '
142 564 283 623 quorsum
299 549 475 607 excidistis?
498 549 625 606 tremitis
640 550 782 619 iqnurum
798 546 919 606 exulem

141 635 203 692 suis
218 638 370 691 carentem
383 633 508 705 liuidus,
526 633 637 691 nostris
650 632 798 704 qruuem?

141 719 195 792 qui
207 719 324 776 sceieru
339 725 424 776 terru
439 720 550 790 quique
558 717 758 790 prosequitur
772 718 854 774 muri
1050 701 1112 803 β

143 818 181 861 uc
195 818 291 861 sueuu
307 803 387 860 iustu
401 809 523 876 sceptro
538 799 710 873 confrinqit
723 816 824 872 mnnu,

141 903 223 946 nunc
237 888 333 945 seruit
348 887 454 945 absens
465 885 591 959 fertque
605 901 684 959 quoe
695 882 781 955 serri
795 879 889 965 uetat]
963 939 965 943 .

142 976 309 1047 tenetque
325 967 475 1029 Thebes
492 966 560 1028 exul
575 967 730 1027 herculeas
744 967 849 1045 Lycus.

110 1086 124 1119 e
187 1053 244 1112 Sed
262 1070 320 1111 non
342 1051 496 1113 tenebit..
526 1053 621 1112 ederit
637 1059 668 1111 ut
684 1070 793 1130 poenes
809 1059 890 1129 petet

142 1135 316 1214 subitusque
332 1137 368 1196 ed
385 1143 461 1196 estre
478 1143 654 1213 emerget.
682 1138 815 1196 inueniet
830 1138 926 1196 niem

143 1230 192 1281 eut
208 1223 302 1280 saciet.
332 1221 410 1281 adsis
426 1239 528 1299 sospes
545 1231 574 1281 et
589 1239 732 1281 remees
747 1238 855 1298 precor
956 1287 959 1292 .

143 1306 322 1385 tandemque
338 1308 438 1366 uenies
455 1308 550 1366 uictor
567 1307 602 1366 ed
618 1306 724 1365 uictam
742 1305 872 1365 domum.

106 1398 130 1455 ε’
185 1404 268 1450 MEG.
299 1391 452 1466 Emerge
468 1392 595 1450 coniunx
612 1398 700 1468 atque
716 1389 861 1466 dispulsas
875 1407 965 1450 manu

143 1474 287 1554 abrumpe
304 1474 450 1535 tenebras.
474 1475 554 1535 nulia
571 1477 594 1532 si
611 1483 692 1534 retro
709 1475 766 1534 uie

142 1561 256 1638 iterque
273 1559 384 1618 cineum
402 1566 455 1627 est,
472 1559 545 1619 orbe
562 1559 680 1619 diducto
696 1559 778 1619 redi

143 1653 173 1703 et
188 1644 328 1721 quicquid
345 1650 407 1702 atre
424 1651 509 1703 nocte
525 1662 695 1723 possessum
712 1644 792 1713 latet,

143 1730 243 1788 emitte
259 1735 367 1789 tecum.

113 1835 127 1882 f
150 1861 156 1875 .
389 1811 499 1873 Dirutis
515 1811 637 1890 qualis
653 1815 729 1891 iugis
750 1815 765 1839 ⁰

142 1915 286 1975 praeceps
302 1898 388 1957 citato
404 1896 519 1958 ssumini
535 1916 681 1976 quaerens
696 1900 751 1957 iter

144 1982 292 2059 quondam
309 1983 422 2051 stetisti,
438 1984 528 2041 scisse
545 2000 611 2041 cum
628 1993 712 2043 uasto
729 1985 839 2059 impetu

144 2075 268 2142 patuere
283 2065 404 2144 Tempe,
422 2075 542 2144 pectore
558 2067 691 2142 inpulsus
708 2076 759 2126 tuo

144 2152 202 2211 huc
218 2168 304 2211 mons
320 2158 349 2211 et
364 2150 433 2211 iiluc
449 2151 556 2211 cecidit
571 2161 600 2211 et
615 2159 726 2228 rupto
742 2166 860 2229 aggere

144 2253 220 2295 noue
237 2237 368 2296 cucurrit
381 2234 526 2296 thessalus
542 2245 658 2296 torrens
675 2238 737 2295 nie:

124 2329 130 2348 '
186 2321 284 2381 Telis
300 2318 438 2399 parentes
453 2319 564 2380 liberos
580 2326 701 2397 petriam
718 2330 831 2397 petens,

144 2424 297 2483 erumpe
313 2424 413 2466 rerum
429 2406 572 2465 terminos
589 2414 684 2465 tecnm
703 2406 827 2465 efferens

141 2560 343 2567 -—-—-——--‹—--

210 2643 344 2690 272-277
362 2641 420 2689 irinc
436 2644 603 2691 remouendos
620 2645 708 2692 censui
729 2638 740 2707 Η
764 2644 813 2691 272
832 2647 891 2704 atq3
904 2642 1058 2706 ophyonius

143 2710 213 2758 cinis
225 2708 251 2756 E
265 2708 291 2755 V
306 2709 343 2769 (in
356 2724 404 2772 quo
417 2709 556 2770 ophinius)
571 2717 596 2759 et
606 2714 644 2759 sic
653 2713 748 2773 ferent
767 2711 837 2759 ciuis
850 2717 933 2773 atque
952 2710 1058 2774 Ophio-

143 2778 204 2825 nins
218 2792 236 2825 α
256 2775 410 2839 amphionis
424 2776 485 2824 liti
501 2777 524 2826 Τ
544 2777 791 2841 amphioniusli12
811 2778 881 2826 einis
895 2782 980 2840 atque
993 2780 1056 2828 Am·

142 2844 249 2909 phionis
269 2842 388 2893 Odinncu.
409 2845 585 2907 ciuitssque
604 2846 763 2909 Amphionis
782 2845 857 2893 ulis.
887 2841 899 2911 Η
926 2846 975 2895 273
995 2847 1057 2907 Quo

142 2911 286 2960 decidistis
306 2912 330 2960 A
367 2910 495 2972 Quolree.
522 2910 552 2973 (r
570 2916 594 2961 in
617 2914 682 2973 rus.)
702 2913 739 2961 Ε7
772 2913 832 2974 Qno
856 2913 908 2961 hoe
932 2927 993 2961 sum
1016 2917 1060 2962 uel

142 2980 202 3041 Quo
215 2979 264 3028 hor
280 2994 336 3028 sum
350 2979 491 3029 excidistis
508 2981 535 3028 V
548 2983 655 3031 correaei
674 2977 685 3047 Η
705 2983 836 3045 ignauum
847 2981 870 3028 A
891 2981 899 3029 i
922 2995 1019 3029 nerum
1031 2980 1058 3028 E

140 3030 306 3109 Brettiim
329 3046 354 3094 V
381 3044 393 3110 ΙΙ
421 3049 470 3097 275
488 3050 662 3113 persequitur
680 3049 731 3098 Ae·
755 3063 827 3112 pros.
846 3048 871 3096 V
895 2995 920 3112 Ιῗ
935 3063 1012 3096 mare
1029 3051 1057 3096 in

141 3117 211 3163 meri
229 3121 345 3164 mutatum
364 3114 397 3162 E¹
423 3112 434 3181 Η
463 3118 512 3166 276
532 3117 720 3181 confringitE
739 3115 922 3165 ottobonianus
946 3115 1056 3165 conire-

142 3183 183 3247 git
200 3182 258 3231 AV
278 3181 289 3248 ΙΙ
312 3184 360 3232 277
379 3184 447 3232 ferri
465 3186 610 3234 eDeIriuni
631 3183 756 3233 fieriVA
780 3179 791 3248 Η
820 3184 870 3231 279
888 3187 920 3230 ut
937 3187 1058 3247 ppetat

145 3251 169 3298 V
188 3256 215 3299 et
227 3255 351 3316 pqpetet
362 3252 401 3301 εΑ
422 3247 434 3316 Η
455 3255 505 3302 278
517 3252 617 3316 hospes
629 3261 653 3312 ur
673 3248 684 3316 11
706 3266 803 3314 precor
816 3249 912 3299 EnEV
928 3251 984 3300 tuis
995 3251 1019 3299 A
1033 3247 1045 3314 ΙΙ

144 3319 194 3369 283
211 3319 291 3369 MEE
313 3318 405 3371 EMe.
429 3319 458 3366 V
470 3334 516 3369 om.
531 3321 555 3368 A
626 3319 767 3383 dispulsas
780 3318 846 3367 Eun)
864 3334 928 3368 unus
946 3319 1056 3368 Christi·

140 3403 189 3437 nue
207 3389 236 3437 ui
253 3387 348 3453 pulsas
365 3386 390 3434 V
406 3385 534 3451 depulsas
548 3388 573 3435 Α
619 3388 669 3436 284
687 3387 827 3448 tenebras)
841 3388 944 3450 priuse
964 3389 989 3434 in
1001 3402 1057 3438 ra.

140 3454 166 3503 E
194 3451 206 3519 ΙΙ
235 3462 307 3505 retro
326 3455 351 3503 E
369 3454 457 3503 uetito
480 3454 529 3503 VA
553 3451 564 3518 ΙΙ
593 3456 643 3504 285
661 3456 791 3518 Interque
809 3470 852 3518 pr.
865 3471 896 3504 m.
921 3454 946 3503 V
954 3451 1038 3516 niet

141 3523 192 3572 288
210 3523 318 3572 lurmini
330 3522 458 3585 quierens
469 3522 494 3571 E
509 3520 521 3586 Η
536 3525 587 3572 294
600 3523 717 3572 efferens
730 3520 847 3584 EdEVu
867 3521 1020 3570 afferensA
1033 3519 1037 3586 Ι

1005 1185 1009 1192 -
1069 1141 1111 1204 26
