<?xml version="1.0" encoding="UTF-8"?>
<!DOCTYPE html PUBLIC "-//W3C//DTD XHTML 1.0 Transitional//EN"
    "http://www.w3.org/TR/xhtml1/DTD/xhtml1-transitional.dtd">
<html xmlns="http://www.w3.org/1999/xhtml" xml:lang="en" lang="en">
 <head>
  <title>
</title>
<meta http-equiv="Content-Type" content="text/html;charset=utf-8" />
  <meta name='ocr-system' content='tesseract 3.04.00' />
  <meta name='ocr-capabilities' content='ocr_page ocr_carea ocr_par ocr_line ocrx_word'/>
</head>
<body>
  <div class='ocr_page' id='page_1' title='image "./lannaeisenecaet00senegoog_0202.png"; bbox 0 0 2326 3922; ppageno 0'>
   <div class='ocr_carea' id='block_1_1' title="bbox 456 201 623 248">
    <p class='ocr_par' dir='ltr' id='par_1_1' title="bbox 456 201 623 248">
     <span class='ocr_line' id='line_1_1' title="bbox 456 201 623 248; baseline 0.012 -2"><span class='ocrx_word' id='word_1_1' title='bbox 456 201 623 248; x_wconf 78' lang='lat' dir='ltr'><strong>PHAEDRA</strong></span> 
     </span>
    </p>
   </div>
   <div class='ocr_carea' id='block_1_2' title="bbox 26 339 1099 2950">
    <p class='ocr_par' dir='ltr' id='par_1_2' title="bbox 26 339 1099 2950">
     <span class='ocr_line' id='line_1_2' title="bbox 57 339 703 417; baseline -0.005 -15"><span class='ocrx_word' id='word_1_2' title='bbox 57 342 255 417; x_wconf 85' lang='lat' dir='ltr'><strong>clarumque</strong></span> <span class='ocrx_word' id='word_1_3' title='bbox 271 339 344 400; x_wconf 90' lang='lat' dir='ltr'><strong>caeli</strong></span> <span class='ocrx_word' id='word_1_4' title='bbox 360 340 442 400; x_wconf 91' lang='lat' dir='ltr'><strong>sidus</strong></span> <span class='ocrx_word' id='word_1_5' title='bbox 458 349 488 400; x_wconf 88' lang='lat' dir='ltr'><strong>et</strong></span> <span class='ocrx_word' id='word_1_6' title='bbox 502 341 596 400; x_wconf 86' lang='lat' dir='ltr'><strong>noetis</strong></span> <span class='ocrx_word' id='word_1_7' title='bbox 612 340 703 400; x_wconf 89' lang='lat' dir='ltr'><strong>decus</strong></span> 
     </span>
     <span class='ocr_line' id='line_1_3' title="bbox 61 424 660 493; baseline -0.002 -8"><span class='ocrx_word' id='word_1_8' title='bbox 61 429 163 487; x_wconf 87' lang='lat' dir='ltr'><strong>euius</strong></span> <span class='ocrx_word' id='word_1_9' title='bbox 177 424 293 486; x_wconf 83' lang='lat' dir='ltr'><strong>relucet</strong></span> <span class='ocrx_word' id='word_1_10' title='bbox 307 425 437 486; x_wconf 92' lang='lat' dir='ltr'><strong>mundus</strong></span> <span class='ocrx_word' id='word_1_11' title='bbox 452 424 564 485; x_wconf 88' lang='lat' dir='ltr'><strong>alterna</strong></span> <span class='ocrx_word' id='word_1_12' title='bbox 580 427 660 493; x_wconf 84' lang='lat' dir='ltr'><strong>uice,</strong></span> 
     </span>
     <span class='ocr_line' id='line_1_4' title="bbox 61 507 741 588; baseline -0.004 -17"><span class='ocrx_word' id='word_1_13' title='bbox 61 511 188 571; x_wconf 88' lang='lat' dir='ltr'><strong>Hecate</strong></span> <span class='ocrx_word' id='word_1_14' title='bbox 204 510 348 570; x_wconf 83' lang='lat' dir='ltr'><strong>triformis</strong></span> <span class='ocrx_word' id='word_1_15' title='bbox 363 527 401 570; x_wconf 85' lang='lat' dir='ltr'><strong>en</strong></span> <span class='ocrx_word' id='word_1_16' title='bbox 416 509 486 570; x_wconf 91' lang='lat' dir='ltr'><strong>ades</strong></span> <span class='ocrx_word' id='word_1_17' title='bbox 502 510 613 588; x_wconf 89' lang='lat' dir='ltr'><strong>coeptis</strong></span> <span class='ocrx_word' id='word_1_18' title='bbox 629 507 741 568; x_wconf 86' lang='lat' dir='ltr'><strong>laneus.</strong></span> 
     </span>
     <span class='ocr_line' id='line_1_5' title="bbox 67 591 829 672; baseline -0.008 -17"><span class='ocrx_word' id='word_1_19' title='bbox 67 597 236 655; x_wconf 91' lang='lat' dir='ltr'><strong>animum</strong></span> <span class='ocrx_word' id='word_1_20' title='bbox 253 595 399 671; x_wconf 79' lang='lat' dir='ltr'><strong>rigentem</strong></span> <span class='ocrx_word' id='word_1_21' title='bbox 414 595 507 655; x_wconf 92' lang='lat' dir='ltr'><strong>tristis</strong></span> <span class='ocrx_word' id='word_1_22' title='bbox 522 591 670 672; x_wconf 70' lang='lat' dir='ltr'><strong>Hippolyti</strong></span> <span class='ocrx_word' id='word_1_23' title='bbox 686 593 800 653; x_wconf 91' lang='lat' dir='ltr'><strong>doma.</strong></span> <span class='ocrx_word' id='word_1_24' title='bbox 828 646 829 649; x_wconf 74' lang='grc'>,</span> 
     </span>
     <span class='ocr_line' id='line_1_6' title="bbox 72 678 612 756; baseline -0.004 -18"><span class='ocrx_word' id='word_1_25' title='bbox 72 697 177 739; x_wconf 92' lang='lat' dir='ltr'><strong>amare</strong></span> <span class='ocrx_word' id='word_1_26' title='bbox 194 680 288 739; x_wconf 86' lang='lat' dir='ltr'><strong>discat</strong></span> <span class='ocrx_word' id='word_1_27' title='bbox 302 686 422 740; x_wconf 91' lang='lat' dir='ltr'><strong>mutuos</strong></span> <span class='ocrx_word' id='word_1_28' title='bbox 437 680 521 756; x_wconf 84' lang='lat' dir='ltr'><strong>ignes</strong></span> <span class='ocrx_word' id='word_1_29' title='bbox 536 678 612 737; x_wconf 86' lang='lat' dir='ltr'><strong>serat</strong></span> 
     </span>
     <span class='ocr_line' id='line_1_7' title="bbox 72 762 719 840; baseline 0.002 -19"><span class='ocrx_word' id='word_1_30' title='bbox 72 763 123 823; x_wconf 89' lang='lat' dir='ltr'><strong>det</strong></span> <span class='ocrx_word' id='word_1_31' title='bbox 140 762 235 823; x_wconf 88' lang='lat' dir='ltr'><strong>laoilis</strong></span> <span class='ocrx_word' id='word_1_32' title='bbox 250 781 348 824; x_wconf 78' lang='lat' dir='ltr'><strong>aureo.</strong></span> <span class='ocrx_word' id='word_1_33' title='bbox 377 765 478 840; x_wconf 85' lang='lat' dir='ltr'><strong>mitiga</strong></span> <span class='ocrx_word' id='word_1_34' title='bbox 493 770 597 839; x_wconf 87' lang='lat' dir='ltr'><strong>pectus</strong></span> <span class='ocrx_word' id='word_1_35' title='bbox 612 762 719 822; x_wconf 87' lang='lat' dir='ltr'><strong>serum.</strong></span> 
     </span>
     <span class='ocr_line' id='line_1_8' title="bbox 39 844 1099 915; baseline -0.008 -7"><span class='ocrx_word' id='word_1_36' title='bbox 39 844 62 899; x_wconf 51' lang='grc' dir='ltr'><strong>δ’</strong></span> <span class='ocrx_word' id='word_1_37' title='bbox 115 849 576 915; x_wconf 90' lang='lat' dir='ltr'><strong>lnuertementem,toruus</strong></span> <span class='ocrx_word' id='word_1_38' title='bbox 591 863 714 906; x_wconf 88' lang='lat' dir='ltr'><strong>auersus</strong></span> <span class='ocrx_word' id='word_1_39' title='bbox 730 846 812 907; x_wconf 83' lang='lat' dir='ltr'><strong>deror</strong></span> <span class='ocrx_word' id='word_1_40' title='bbox 980 858 1099 911; x_wconf 68' lang='lat' dir='ltr'><strong>nuatum</strong></span> 
     </span>
     <span class='ocr_line' id='line_1_9' title="bbox 77 931 1066 993; baseline 0.004 -3"><span class='ocrx_word' id='word_1_41' title='bbox 77 933 102 990; x_wconf 91' lang='lat' dir='ltr'><strong>in</strong></span> <span class='ocrx_word' id='word_1_42' title='bbox 117 934 183 992; x_wconf 90' lang='lat' dir='ltr'><strong>iura</strong></span> <span class='ocrx_word' id='word_1_43' title='bbox 200 932 322 992; x_wconf 89' lang='lat' dir='ltr'><strong>Veneris</strong></span> <span class='ocrx_word' id='word_1_44' title='bbox 337 931 449 991; x_wconf 90' lang='lat' dir='ltr'><strong>redeat.</strong></span> <span class='ocrx_word' id='word_1_45' title='bbox 480 931 538 991; x_wconf 90' lang='lat' dir='ltr'><strong>hue</strong></span> <span class='ocrx_word' id='word_1_46' title='bbox 555 932 634 990; x_wconf 89' lang='lat' dir='ltr'><strong>uires</strong></span> <span class='ocrx_word' id='word_1_47' title='bbox 650 939 714 992; x_wconf 87' lang='lat' dir='ltr'><strong>tuas</strong></span> <span class='ocrx_word' id='word_1_48' title='bbox 880 945 901 984; x_wconf 83' lang='lat' dir='ltr'><strong>r.</strong></span> <span class='ocrx_word' id='word_1_49' title='bbox 918 945 997 986; x_wconf 68' lang='lat' dir='ltr'><strong>luxu</strong></span> <span class='ocrx_word' id='word_1_50' title='bbox 1014 944 1066 993; x_wconf 79' lang='lat'><strong>425</strong></span> 
     </span>
     <span class='ocr_line' id='line_1_10' title="bbox 26 1015 662 1078; baseline 0 -4"><span class='ocrx_word' id='word_1_51' title='bbox 26 1026 29 1031; x_wconf 86' lang='grc'><em>·</em></span> <span class='ocrx_word' id='word_1_52' title='bbox 80 1016 208 1078; x_wconf 86' lang='lat' dir='ltr'><strong>intende.</strong></span> <span class='ocrx_word' id='word_1_53' title='bbox 240 1017 283 1076; x_wconf 89' lang='lat' dir='ltr'><strong>sio</strong></span> <span class='ocrx_word' id='word_1_54' title='bbox 298 1024 327 1076; x_wconf 88' lang='lat' dir='ltr'><strong>te</strong></span> <span class='ocrx_word' id='word_1_55' title='bbox 343 1015 433 1076; x_wconf 89' lang='lat' dir='ltr'><strong>lucidi</strong></span> <span class='ocrx_word' id='word_1_56' title='bbox 448 1015 549 1076; x_wconf 92' lang='lat' dir='ltr'><strong>uultus</strong></span> <span class='ocrx_word' id='word_1_57' title='bbox 564 1015 662 1075; x_wconf 87' lang='lat' dir='ltr'><strong>lerant</strong></span> 
     </span>
     <span class='ocr_line' id='line_1_11' title="bbox 81 1098 638 1178; baseline 0.005 -20"><span class='ocrx_word' id='word_1_58' title='bbox 81 1110 105 1159; x_wconf 87' lang='lat' dir='ltr'><strong>et</strong></span> <span class='ocrx_word' id='word_1_59' title='bbox 120 1100 200 1161; x_wconf 88' lang='lat' dir='ltr'><strong>nube</strong></span> <span class='ocrx_word' id='word_1_60' title='bbox 216 1108 302 1178; x_wconf 92' lang='lat' dir='ltr'><strong>rupta</strong></span> <span class='ocrx_word' id='word_1_61' title='bbox 319 1098 459 1160; x_wconf 87' lang='lat' dir='ltr'><strong>cornibus</strong></span> <span class='ocrx_word' id='word_1_62' title='bbox 473 1102 558 1178; x_wconf 90' lang='lat' dir='ltr'><strong>puris</strong></span> <span class='ocrx_word' id='word_1_63' title='bbox 574 1119 638 1168; x_wconf 90' lang='lat' dir='ltr'><strong>eas,</strong></span> 
     </span>
     <span class='ocr_line' id='line_1_12' title="bbox 82 1183 727 1261; baseline -0.002 -18"><span class='ocrx_word' id='word_1_64' title='bbox 82 1186 161 1244; x_wconf 83' lang='lat' dir='ltr'><strong>sicto</strong></span> <span class='ocrx_word' id='word_1_65' title='bbox 176 1192 331 1261; x_wconf 85' lang='lat' dir='ltr'><strong>regentem</strong></span> <span class='ocrx_word' id='word_1_66' title='bbox 346 1183 431 1244; x_wconf 84' lang='lat' dir='ltr'><strong>frena</strong></span> <span class='ocrx_word' id='word_1_67' title='bbox 447 1186 585 1243; x_wconf 83' lang='lat' dir='ltr'><strong>nocturni</strong></span> <span class='ocrx_word' id='word_1_68' title='bbox 600 1184 727 1244; x_wconf 88' lang='lat' dir='ltr'><strong>aetheris</strong></span> 
     </span>
     <span class='ocr_line' id='line_1_13' title="bbox 82 1267 792 1347; baseline 0.003 -20"><span class='ocrx_word' id='word_1_69' title='bbox 82 1268 235 1330; x_wconf 80' lang='lat' dir='ltr'><strong>detrahere</strong></span> <span class='ocrx_word' id='word_1_70' title='bbox 250 1286 413 1346; x_wconf 69' lang='lat' dir='ltr'><strong>numquam</strong></span> <span class='ocrx_word' id='word_1_71' title='bbox 429 1267 549 1328; x_wconf 79' lang='lat' dir='ltr'><strong>thessali</strong></span> <span class='ocrx_word' id='word_1_72' title='bbox 564 1276 668 1330; x_wconf 86' lang='lat' dir='ltr'><strong>cantus</strong></span> <span class='ocrx_word' id='word_1_73' title='bbox 684 1279 792 1347; x_wconf 85' lang='lat' dir='ltr'><strong>queant</strong></span> 
     </span>
     <span class='ocr_line' id='line_1_14' title="bbox 83 1351 690 1432; baseline 0.003 -21"><span class='ocrx_word' id='word_1_74' title='bbox 83 1352 234 1432; x_wconf 87' lang='lat' dir='ltr'><strong>nullusque</strong></span> <span class='ocrx_word' id='word_1_75' title='bbox 251 1353 288 1413; x_wconf 87' lang='lat' dir='ltr'><strong>de</strong></span> <span class='ocrx_word' id='word_1_76' title='bbox 305 1361 333 1415; x_wconf 93' lang='lat' dir='ltr'><strong>te</strong></span> <span class='ocrx_word' id='word_1_77' title='bbox 349 1351 471 1431; x_wconf 88' lang='lat' dir='ltr'><strong>gloriam</strong></span> <span class='ocrx_word' id='word_1_78' title='bbox 487 1361 590 1431; x_wconf 87' lang='lat' dir='ltr'><strong>pastor</strong></span> <span class='ocrx_word' id='word_1_79' title='bbox 606 1353 690 1413; x_wconf 85' lang='lat' dir='ltr'><strong>derat.</strong></span> 
     </span>
     <span class='ocr_line' id='line_1_15' title="bbox 60 1437 723 1499; baseline -0.002 -1"><span class='ocrx_word' id='word_1_80' title='bbox 60 1456 70 1488; x_wconf 80' lang='lat' dir='ltr'>c</span> <span class='ocrx_word' id='word_1_81' title='bbox 119 1437 197 1498; x_wconf 76' lang='lat' dir='ltr'><strong>Ades</strong></span> <span class='ocrx_word' id='word_1_82' title='bbox 213 1439 358 1498; x_wconf 84' lang='lat' dir='ltr'><strong>inuocata.</strong></span> <span class='ocrx_word' id='word_1_83' title='bbox 388 1440 448 1499; x_wconf 89' lang='lat' dir='ltr'><strong>iam</strong></span> <span class='ocrx_word' id='word_1_84' title='bbox 464 1437 544 1498; x_wconf 87' lang='lat' dir='ltr'><strong>lauet</strong></span> <span class='ocrx_word' id='word_1_85' title='bbox 560 1439 638 1499; x_wconf 89' lang='lat' dir='ltr'><strong>uotis</strong></span> <span class='ocrx_word' id='word_1_86' title='bbox 654 1438 723 1498; x_wconf 87' lang='lat' dir='ltr'><strong>dea:</strong></span> 
     </span>
     <span class='ocr_line' id='line_1_16' title="bbox 83 1521 781 1597; baseline 0.004 -19"><span class='ocrx_word' id='word_1_87' title='bbox 83 1522 173 1597; x_wconf 92' lang='lat' dir='ltr'><strong>ipsum</strong></span> <span class='ocrx_word' id='word_1_88' title='bbox 188 1523 289 1582; x_wconf 88' lang='lat' dir='ltr'><strong>intuor</strong></span> <span class='ocrx_word' id='word_1_89' title='bbox 304 1521 439 1583; x_wconf 89' lang='lat' dir='ltr'><strong>solemne</strong></span> <span class='ocrx_word' id='word_1_90' title='bbox 455 1530 648 1583; x_wconf 87' lang='lat' dir='ltr'><strong>uenerantem</strong></span> <span class='ocrx_word' id='word_1_91' title='bbox 665 1541 781 1582; x_wconf 86' lang='lat' dir='ltr'><strong>sacrum</strong></span> 
     </span>
     <span class='ocr_line' id='line_1_17' title="bbox 82 1605 790 1684; baseline 0.006 -22"><span class='ocrx_word' id='word_1_92' title='bbox 82 1605 157 1666; x_wconf 93' lang='lat' dir='ltr'><strong>nullo</strong></span> <span class='ocrx_word' id='word_1_93' title='bbox 173 1605 250 1667; x_wconf 92' lang='lat' dir='ltr'><strong>latus</strong></span> <span class='ocrx_word' id='word_1_94' title='bbox 266 1607 434 1667; x_wconf 89' lang='lat' dir='ltr'><strong>comitante.</strong></span> <span class='ocrx_word' id='word_1_95' title='bbox 466 1606 535 1684; x_wconf 90' lang='lat' dir='ltr'><strong>quid</strong></span> <span class='ocrx_word' id='word_1_96' title='bbox 552 1607 687 1666; x_wconf 81' lang='lat' dir='ltr'><strong>dubitas?</strong></span> <span class='ocrx_word' id='word_1_97' title='bbox 711 1607 790 1667; x_wconf 90' lang='lat' dir='ltr'><strong>dedit</strong></span> 
     </span>
     <span class='ocr_line' id='line_1_18' title="bbox 82 1689 787 1768; baseline 0.007 -22"><span class='ocrx_word' id='word_1_98' title='bbox 82 1697 193 1768; x_wconf 88' lang='lat' dir='ltr'><strong>tempus</strong></span> <span class='ocrx_word' id='word_1_99' title='bbox 208 1689 367 1768; x_wconf 84' lang='lat' dir='ltr'><strong>locumque</strong></span> <span class='ocrx_word' id='word_1_100' title='bbox 383 1708 482 1751; x_wconf 82' lang='lat' dir='ltr'><strong>casus:</strong></span> <span class='ocrx_word' id='word_1_101' title='bbox 507 1691 648 1752; x_wconf 89' lang='lat' dir='ltr'><strong>utendum</strong></span> <span class='ocrx_word' id='word_1_102' title='bbox 665 1693 787 1752; x_wconf 86' lang='lat' dir='ltr'><strong>artibus.</strong></span> 
     </span>
     <span class='ocr_line' id='line_1_19' title="bbox 55 1768 1062 1854; baseline 0.007 -21"><span class='ocrx_word' id='word_1_103' title='bbox 55 1768 72 1824; x_wconf 61' lang='grc' dir='ltr'><strong>θ’</strong></span> <span class='ocrx_word' id='word_1_104' title='bbox 117 1773 329 1854; x_wconf 73' lang='lat' dir='ltr'><strong>Trepidamusi</strong></span> <span class='ocrx_word' id='word_1_105' title='bbox 351 1775 430 1836; x_wconf 91' lang='lat' dir='ltr'><strong>haud</strong></span> <span class='ocrx_word' id='word_1_106' title='bbox 447 1783 491 1836; x_wconf 90' lang='lat' dir='ltr'><strong>est</strong></span> <span class='ocrx_word' id='word_1_107' title='bbox 510 1775 596 1836; x_wconf 84' lang='lat' dir='ltr'><strong>facile</strong></span> <span class='ocrx_word' id='word_1_108' title='bbox 610 1775 780 1836; x_wconf 87' lang='lat' dir='ltr'><strong>mandatum</strong></span> <span class='ocrx_word' id='word_1_109' title='bbox 797 1777 894 1839; x_wconf 86' lang='lat' dir='ltr'><strong>scelus</strong></span> <span class='ocrx_word' id='word_1_110' title='bbox 1011 1789 1062 1840; x_wconf 82' lang='lat'><strong>435</strong></span> 
     </span>
     <span class='ocr_line' id='line_1_20' title="bbox 82 1859 689 1938; baseline 0.007 -22"><span class='ocrx_word' id='word_1_111' title='bbox 82 1859 200 1928; x_wconf 88' lang='lat' dir='ltr'><strong>audere,</strong></span> <span class='ocrx_word' id='word_1_112' title='bbox 226 1878 329 1920; x_wconf 92' lang='lat' dir='ltr'><strong>uerum</strong></span> <span class='ocrx_word' id='word_1_113' title='bbox 345 1862 420 1921; x_wconf 91' lang='lat' dir='ltr'><strong>iusta</strong></span> <span class='ocrx_word' id='word_1_114' title='bbox 437 1861 487 1937; x_wconf 93' lang='lat' dir='ltr'><strong>qui</strong></span> <span class='ocrx_word' id='word_1_115' title='bbox 502 1878 589 1938; x_wconf 84' lang='lat' dir='ltr'><strong>reges</strong></span> <span class='ocrx_word' id='word_1_116' title='bbox 605 1863 689 1921; x_wconf 89' lang='lat' dir='ltr'><strong>timet</strong></span> 
     </span>
     <span class='ocr_line' id='line_1_21' title="bbox 82 1942 725 2022; baseline 0.005 -21"><span class='ocrx_word' id='word_1_117' title='bbox 82 1942 218 2019; x_wconf 91' lang='lat' dir='ltr'><strong>deponat,</strong></span> <span class='ocrx_word' id='word_1_118' title='bbox 243 1961 331 2005; x_wconf 86' lang='lat' dir='ltr'><strong>omne</strong></span> <span class='ocrx_word' id='word_1_119' title='bbox 344 1943 436 2022; x_wconf 88' lang='lat' dir='ltr'><strong>pellat</strong></span> <span class='ocrx_word' id='word_1_120' title='bbox 450 1964 485 2005; x_wconf 86' lang='lat' dir='ltr'><strong>ex</strong></span> <span class='ocrx_word' id='word_1_121' title='bbox 504 1949 602 2005; x_wconf 90' lang='lat' dir='ltr'><strong>animo</strong></span> <span class='ocrx_word' id='word_1_122' title='bbox 619 1946 725 2005; x_wconf 82' lang='lat' dir='ltr'><strong>decus:</strong></span> 
     </span>
     <span class='ocr_line' id='line_1_22' title="bbox 81 2027 725 2108; baseline 0.006 -22"><span class='ocrx_word' id='word_1_123' title='bbox 81 2027 170 2087; x_wconf 89' lang='lat' dir='ltr'><strong>malus</strong></span> <span class='ocrx_word' id='word_1_124' title='bbox 186 2035 232 2088; x_wconf 89' lang='lat' dir='ltr'><strong>est</strong></span> <span class='ocrx_word' id='word_1_125' title='bbox 246 2030 382 2089; x_wconf 88' lang='lat' dir='ltr'><strong>minister</strong></span> <span class='ocrx_word' id='word_1_126' title='bbox 397 2031 472 2106; x_wconf 82' lang='lat' dir='ltr'><strong>regii</strong></span> <span class='ocrx_word' id='word_1_127' title='bbox 487 2030 604 2108; x_wconf 90' lang='lat' dir='ltr'><strong>imperii</strong></span> <span class='ocrx_word' id='word_1_128' title='bbox 620 2030 725 2106; x_wconf 89' lang='lat' dir='ltr'><strong>pudor.</strong></span> 
     </span>
     <span class='ocr_line' id='line_1_23' title="bbox 56 2111 857 2193; baseline 0.007 -23"><span class='ocrx_word' id='word_1_129' title='bbox 56 2113 68 2162; x_wconf 88' lang='lat' dir='ltr'><strong>d</strong></span> <span class='ocrx_word' id='word_1_130' title='bbox 119 2125 212 2174; x_wconf 70' lang='lat' dir='ltr'><strong>utre.</strong></span> <span class='ocrx_word' id='word_1_131' title='bbox 237 2111 313 2182; x_wconf 83' lang='lat' dir='ltr'><strong>Quid</strong></span> <span class='ocrx_word' id='word_1_132' title='bbox 329 2113 387 2173; x_wconf 86' lang='lat' dir='ltr'><strong>huc</strong></span> <span class='ocrx_word' id='word_1_133' title='bbox 402 2112 510 2174; x_wconf 88' lang='lat' dir='ltr'><strong>seniles</strong></span> <span class='ocrx_word' id='word_1_134' title='bbox 527 2114 603 2173; x_wconf 84' lang='lat' dir='ltr'><strong>sessa</strong></span> <span class='ocrx_word' id='word_1_135' title='bbox 620 2113 733 2175; x_wconf 86' lang='lat' dir='ltr'><strong>moliris</strong></span> <span class='ocrx_word' id='word_1_136' title='bbox 749 2117 857 2193; x_wconf 84' lang='lat' dir='ltr'><strong>gradus</strong></span> 
     </span>
     <span class='ocr_line' id='line_1_24' title="bbox 83 2196 1061 2276; baseline 0.008 -23"><span class='ocrx_word' id='word_1_137' title='bbox 83 2196 168 2256; x_wconf 89' lang='lat' dir='ltr'><strong>olida</strong></span> <span class='ocrx_word' id='word_1_138' title='bbox 184 2198 284 2257; x_wconf 82' lang='lat' dir='ltr'><strong>nutrix</strong></span> <span class='ocrx_word' id='word_1_139' title='bbox 299 2197 447 2258; x_wconf 82' lang='lat' dir='ltr'><strong>turbidam</strong></span> <span class='ocrx_word' id='word_1_140' title='bbox 465 2199 595 2259; x_wconf 83' lang='lat' dir='ltr'><strong>frontem</strong></span> <span class='ocrx_word' id='word_1_141' title='bbox 605 2216 720 2276; x_wconf 78' lang='lat' dir='ltr'><strong>gerens</strong></span> <span class='ocrx_word' id='word_1_142' title='bbox 1011 2212 1061 2262; x_wconf 76' lang='lat'><strong>440</strong></span> 
     </span>
     <span class='ocr_line' id='line_1_25' title="bbox 82 2281 775 2363; baseline 0.006 -25"><span class='ocrx_word' id='word_1_143' title='bbox 82 2288 106 2339; x_wconf 86' lang='lat' dir='ltr'><strong>et</strong></span> <span class='ocrx_word' id='word_1_144' title='bbox 121 2288 233 2342; x_wconf 92' lang='lat' dir='ltr'><strong>maesta</strong></span> <span class='ocrx_word' id='word_1_145' title='bbox 250 2281 369 2344; x_wconf 84' lang='lat' dir='ltr'><strong>uultus?</strong></span> <span class='ocrx_word' id='word_1_146' title='bbox 392 2300 496 2360; x_wconf 89' lang='lat' dir='ltr'><strong>sospes</strong></span> <span class='ocrx_word' id='word_1_147' title='bbox 512 2292 556 2344; x_wconf 88' lang='lat' dir='ltr'><strong>est</strong></span> <span class='ocrx_word' id='word_1_148' title='bbox 571 2290 651 2344; x_wconf 89' lang='lat' dir='ltr'><strong>certe</strong></span> <span class='ocrx_word' id='word_1_149' title='bbox 666 2302 775 2363; x_wconf 91' lang='lat' dir='ltr'><strong>parens</strong></span> 
     </span>
     <span class='ocr_line' id='line_1_26' title="bbox 82 2366 827 2446; baseline 0.007 -23"><span class='ocrx_word' id='word_1_150' title='bbox 82 2380 239 2445; x_wconf 83' lang='lat' dir='ltr'><strong>sospesque</strong></span> <span class='ocrx_word' id='word_1_151' title='bbox 255 2366 389 2428; x_wconf 89' lang='lat' dir='ltr'><strong>Phaedra</strong></span> <span class='ocrx_word' id='word_1_152' title='bbox 406 2368 506 2445; x_wconf 89' lang='lat' dir='ltr'><strong>stirpis</strong></span> <span class='ocrx_word' id='word_1_153' title='bbox 522 2377 551 2428; x_wconf 88' lang='lat' dir='ltr'><strong>et</strong></span> <span class='ocrx_word' id='word_1_154' title='bbox 566 2369 702 2445; x_wconf 84' lang='lat' dir='ltr'><strong>geminae</strong></span> <span class='ocrx_word' id='word_1_155' title='bbox 717 2370 827 2446; x_wconf 85' lang='lat' dir='ltr'><strong>iugum.</strong></span> 
     </span>
     <span class='ocr_line' id='line_1_27' title="bbox 53 2443 993 2532; baseline 0.007 -24"><span class='ocrx_word' id='word_1_156' title='bbox 53 2443 70 2498; x_wconf 80' lang='lat' dir='ltr'><strong>d&#39;</strong></span> <span class='ocrx_word' id='word_1_157' title='bbox 114 2463 217 2510; x_wconf 78' lang='lat' dir='ltr'><strong>uvrn.</strong></span> <span class='ocrx_word' id='word_1_158' title='bbox 241 2451 337 2512; x_wconf 87' lang='lat' dir='ltr'><strong>lletus</strong></span> <span class='ocrx_word' id='word_1_159' title='bbox 350 2452 484 2512; x_wconf 86' lang='lat' dir='ltr'><strong>remitte:</strong></span> <span class='ocrx_word' id='word_1_160' title='bbox 506 2471 652 2532; x_wconf 89' lang='lat' dir='ltr'><strong>prospero</strong></span> <span class='ocrx_word' id='word_1_161' title='bbox 669 2470 793 2530; x_wconf 86' lang='lat' dir='ltr'><strong>regnum</strong></span> <span class='ocrx_word' id='word_1_162' title='bbox 810 2455 839 2512; x_wconf 92' lang='lat' dir='ltr'><strong>in</strong></span> <span class='ocrx_word' id='word_1_163' title='bbox 856 2461 931 2515; x_wconf 90' lang='lat' dir='ltr'><strong>statu</strong></span> <span class='ocrx_word' id='word_1_164' title='bbox 949 2465 993 2515; x_wconf 86' lang='lat' dir='ltr'><strong>est</strong></span> 
     </span>
     <span class='ocr_line' id='line_1_28' title="bbox 80 2531 659 2615; baseline 0.01 -24"><span class='ocrx_word' id='word_1_165' title='bbox 80 2531 239 2610; x_wconf 87' lang='lat' dir='ltr'><strong>domusque</strong></span> <span class='ocrx_word' id='word_1_166' title='bbox 253 2533 365 2596; x_wconf 90' lang='lat' dir='ltr'><strong>tlorens</strong></span> <span class='ocrx_word' id='word_1_167' title='bbox 379 2545 460 2596; x_wconf 90' lang='lat' dir='ltr'><strong>sorte</strong></span> <span class='ocrx_word' id='word_1_168' title='bbox 476 2536 555 2597; x_wconf 87' lang='lat' dir='ltr'><strong>leliei</strong></span> <span class='ocrx_word' id='word_1_169' title='bbox 569 2539 659 2615; x_wconf 84' lang='lat' dir='ltr'><strong>uiget.</strong></span> 
     </span>
     <span class='ocr_line' id='line_1_29' title="bbox 79 2617 1057 2685; baseline 0.009 -10"><span class='ocrx_word' id='word_1_170' title='bbox 79 2617 123 2677; x_wconf 83' lang='lat' dir='ltr'><strong>sed</strong></span> <span class='ocrx_word' id='word_1_171' title='bbox 139 2625 172 2678; x_wconf 94' lang='lat' dir='ltr'><strong>tu</strong></span> <span class='ocrx_word' id='word_1_172' title='bbox 187 2617 283 2680; x_wconf 89' lang='lat' dir='ltr'><strong>beatis</strong></span> <span class='ocrx_word' id='word_1_173' title='bbox 298 2621 396 2682; x_wconf 90' lang='lat' dir='ltr'><strong>mitior</strong></span> <span class='ocrx_word' id='word_1_174' title='bbox 411 2620 502 2681; x_wconf 89' lang='lat' dir='ltr'><strong>rebus</strong></span> <span class='ocrx_word' id='word_1_175' title='bbox 518 2623 601 2682; x_wconf 90' lang='lat' dir='ltr'><strong>ueni:</strong></span> <span class='ocrx_word' id='word_1_176' title='bbox 1006 2636 1057 2685; x_wconf 75' lang='lat' dir='ltr'><strong>tto</strong></span> 
     </span>
     <span class='ocr_line' id='line_1_30' title="bbox 79 2705 704 2781; baseline 0.011 -23"><span class='ocrx_word' id='word_1_177' title='bbox 79 2717 201 2781; x_wconf 87' lang='lat' dir='ltr'><strong>namque</strong></span> <span class='ocrx_word' id='word_1_178' title='bbox 217 2705 333 2764; x_wconf 86' lang='lat' dir='ltr'><strong>anxiam</strong></span> <span class='ocrx_word' id='word_1_179' title='bbox 349 2723 397 2765; x_wconf 89' lang='lat' dir='ltr'><strong>me</strong></span> <span class='ocrx_word' id='word_1_180' title='bbox 413 2723 483 2765; x_wconf 87' lang='lat' dir='ltr'><strong>eura</strong></span> <span class='ocrx_word' id='word_1_181' title='bbox 499 2705 638 2766; x_wconf 86' lang='lat' dir='ltr'><strong>sollicitat</strong></span> <span class='ocrx_word' id='word_1_182' title='bbox 653 2708 704 2765; x_wconf 90' lang='lat' dir='ltr'><strong>tui.</strong></span> 
     </span>
     <span class='ocr_line' id='line_1_31' title="bbox 80 2781 862 2871; baseline 0.006 -24"><span class='ocrx_word' id='word_1_183' title='bbox 80 2781 174 2863; x_wconf 77' lang='lat' dir='ltr'><strong>[qood</strong></span> <span class='ocrx_word' id='word_1_184' title='bbox 187 2796 216 2848; x_wconf 82' lang='lat' dir='ltr'><strong>te</strong></span> <span class='ocrx_word' id='word_1_185' title='bbox 231 2792 296 2865; x_wconf 81' lang='lat' dir='ltr'><strong>ipse</strong></span> <span class='ocrx_word' id='word_1_186' title='bbox 304 2793 414 2866; x_wconf 74' lang='lat' dir='ltr'><strong>poenis</strong></span> <span class='ocrx_word' id='word_1_187' title='bbox 424 2793 574 2864; x_wconf 73' lang='lat' dir='ltr'><strong>praeibas</strong></span> <span class='ocrx_word' id='word_1_188' title='bbox 589 2791 717 2864; x_wconf 81' lang='lat' dir='ltr'><strong>infestos</strong></span> <span class='ocrx_word' id='word_1_189' title='bbox 732 2791 862 2871; x_wconf 70' lang='lat' dir='ltr'><strong>domun]</strong></span> 
     </span>
     <span class='ocr_line' id='line_1_32' title="bbox 56 2870 846 2950; baseline 0.008 -20"><span class='ocrx_word' id='word_1_190' title='bbox 56 2887 66 2919; x_wconf 80' lang='lat' dir='ltr'><strong>e</strong></span> <span class='ocrx_word' id='word_1_191' title='bbox 114 2870 209 2939; x_wconf 76' lang='lat' dir='ltr'><strong>Quem</strong></span> <span class='ocrx_word' id='word_1_192' title='bbox 227 2872 285 2932; x_wconf 85' lang='lat' dir='ltr'><strong>lata</strong></span> <span class='ocrx_word' id='word_1_193' title='bbox 303 2882 418 2950; x_wconf 81' lang='lat' dir='ltr'><strong>cogunt.</strong></span> <span class='ocrx_word' id='word_1_194' title='bbox 429 2873 478 2934; x_wconf 90' lang='lat' dir='ltr'><strong>ille</strong></span> <span class='ocrx_word' id='word_1_195' title='bbox 497 2893 564 2934; x_wconf 74' lang='lat' dir='ltr'><strong>raim</strong></span> <span class='ocrx_word' id='word_1_196' title='bbox 581 2876 667 2934; x_wconf 89' lang='lat' dir='ltr'><strong>uenia</strong></span> <span class='ocrx_word' id='word_1_197' title='bbox 684 2886 727 2935; x_wconf 86' lang='lat' dir='ltr'><strong>est</strong></span> <span class='ocrx_word' id='word_1_198' title='bbox 743 2877 846 2946; x_wconf 91' lang='lat' dir='ltr'><strong>miser,</strong></span> 
     </span>
    </p>
   </div>
   <div class='ocr_carea' id='block_1_3' title="bbox 79 3003 274 3015">
    <p class='ocr_par' dir='ltr' id='par_1_3' title="bbox 79 3003 274 3015">
     <span class='ocr_line' id='line_1_33' title="bbox 79 3003 274 3015; baseline 0.01 -2"><span class='ocrx_word' id='word_1_199' title='bbox 79 3003 225 3015; x_wconf 36' lang='grc' dir='ltr'>ἓ...-..</span> <span class='ocrx_word' id='word_1_200' title='bbox 259 3009 274 3015; x_wconf 74' lang='grc'><strong>.-</strong></span> 
     </span>
    </p>
   </div>
   <div class='ocr_carea' id='block_1_4' title="bbox 78 3072 991 3555">
    <p class='ocr_par' dir='ltr' id='par_1_4' title="bbox 78 3072 991 3555">
     <span class='ocr_line' id='line_1_34' title="bbox 137 3072 991 3147; baseline 0.008 -24"><span class='ocrx_word' id='word_1_201' title='bbox 137 3074 188 3122; x_wconf 83' lang='grc'><strong>419</strong></span> <span class='ocrx_word' id='word_1_202' title='bbox 209 3073 275 3125; x_wconf 83' lang='lat' dir='ltr'><strong>face</strong></span> <span class='ocrx_word' id='word_1_203' title='bbox 294 3075 318 3124; x_wconf 89' lang='lat' dir='ltr'><em>A</em></span> <span class='ocrx_word' id='word_1_204' title='bbox 337 3076 401 3125; x_wconf 81' lang='lat' dir='ltr'><strong>uice</strong></span> <span class='ocrx_word' id='word_1_205' title='bbox 419 3076 444 3124; x_wconf 97' lang='grc' dir='ltr'><em>Ε</em></span> <span class='ocrx_word' id='word_1_206' title='bbox 456 3072 468 3142; x_wconf 83' lang='grc' dir='ltr'><strong>ΙΙ</strong></span> <span class='ocrx_word' id='word_1_207' title='bbox 483 3079 534 3125; x_wconf 75' lang='lat'><strong>420</strong></span> <span class='ocrx_word' id='word_1_208' title='bbox 555 3077 675 3126; x_wconf 86' lang='lat' dir='ltr'><strong>aenades</strong></span> <span class='ocrx_word' id='word_1_209' title='bbox 688 3078 713 3126; x_wconf 84' lang='lat' dir='ltr'><em>E</em></span> <span class='ocrx_word' id='word_1_210' title='bbox 732 3077 780 3141; x_wconf 88' lang='lat' dir='ltr'><strong>(an</strong></span> <span class='ocrx_word' id='word_1_211' title='bbox 794 3079 859 3129; x_wconf 85' lang='lat' dir='ltr'><strong>ades</strong></span> <span class='ocrx_word' id='word_1_212' title='bbox 878 3089 895 3130; x_wconf 80' lang='lat' dir='ltr'><strong>t.</strong></span> <span class='ocrx_word' id='word_1_213' title='bbox 911 3082 959 3131; x_wconf 78' lang='lat' dir='ltr'><strong>Ha.</strong></span> <span class='ocrx_word' id='word_1_214' title='bbox 981 3079 991 3147; x_wconf 74' lang='lat' dir='ltr'><strong>ll</strong></span> 
     </span>
     <span class='ocr_line' id='line_1_35' title="bbox 78 3137 987 3214; baseline 0.014 -29"><span class='ocrx_word' id='word_1_215' title='bbox 78 3137 119 3188; x_wconf 74' lang='lat'><strong>422</strong></span> <span class='ocrx_word' id='word_1_216' title='bbox 130 3142 225 3206; x_wconf 79' lang='lat' dir='ltr'><strong>lepitur</strong></span> <span class='ocrx_word' id='word_1_217' title='bbox 236 3144 264 3192; x_wconf 80' lang='lat' dir='ltr'><strong>a&#39;n</strong></span> <span class='ocrx_word' id='word_1_218' title='bbox 275 3142 301 3190; x_wconf 85' lang='grc' dir='ltr'><em>Ε</em></span> <span class='ocrx_word' id='word_1_219' title='bbox 311 3149 372 3207; x_wconf 77' lang='lat' dir='ltr'><strong>post</strong></span> <span class='ocrx_word' id='word_1_220' title='bbox 383 3160 407 3192; x_wconf 86' lang='lat' dir='ltr'><strong>u.</strong></span> <span class='ocrx_word' id='word_1_221' title='bbox 421 3146 476 3194; x_wconf 75' lang='lat'><strong>423</strong></span> <span class='ocrx_word' id='word_1_222' title='bbox 488 3139 562 3210; x_wconf 69' lang='lat'>[1424</span> <span class='ocrx_word' id='word_1_223' title='bbox 578 3148 690 3194; x_wconf 84' lang='lat' dir='ltr'><strong>innecte</strong></span> <span class='ocrx_word' id='word_1_224' title='bbox 703 3156 741 3210; x_wconf 81' lang='grc' dir='ltr'><strong>εψ</strong></span> <span class='ocrx_word' id='word_1_225' title='bbox 759 3147 865 3196; x_wconf 85' lang='lat' dir='ltr'><strong>inuerte</strong></span> <span class='ocrx_word' id='word_1_226' title='bbox 878 3149 903 3198; x_wconf 86' lang='grc' dir='ltr'><em>Α</em></span> <span class='ocrx_word' id='word_1_227' title='bbox 915 3145 926 3214; x_wconf 75' lang='lat' dir='ltr'><strong>ll</strong></span> <span class='ocrx_word' id='word_1_228' title='bbox 938 3152 987 3199; x_wconf 90' lang='grc'><strong>431</strong></span> 
     </span>
     <span class='ocr_line' id='line_1_36' title="bbox 79 3201 990 3279; baseline 0.01 -25"><span class='ocrx_word' id='word_1_229' title='bbox 79 3201 135 3256; x_wconf 77' lang='lat' dir='ltr'><strong>leue</strong></span> <span class='ocrx_word' id='word_1_230' title='bbox 152 3207 188 3257; x_wconf 87' lang='grc' dir='ltr'><strong>ΕΙ</strong></span> <span class='ocrx_word' id='word_1_231' title='bbox 211 3209 292 3260; x_wconf 76' lang='lat' dir='ltr'><strong>foues</strong></span> <span class='ocrx_word' id='word_1_232' title='bbox 311 3226 330 3260; x_wconf 85' lang='grc' dir='ltr'>α</span> <span class='ocrx_word' id='word_1_233' title='bbox 347 3211 426 3260; x_wconf 88' lang='lat' dir='ltr'><strong>fauet</strong></span> <span class='ocrx_word' id='word_1_234' title='bbox 444 3210 509 3274; x_wconf 67' lang='lat' dir='ltr'><strong>E³au</strong></span> <span class='ocrx_word' id='word_1_235' title='bbox 530 3208 542 3277; x_wconf 80' lang='grc' dir='ltr'>Η</span> <span class='ocrx_word' id='word_1_236' title='bbox 561 3214 611 3262; x_wconf 83' lang='grc'><strong>436</strong></span> <span class='ocrx_word' id='word_1_237' title='bbox 629 3214 705 3262; x_wconf 86' lang='lat' dir='ltr'><strong>iussa</strong></span> <span class='ocrx_word' id='word_1_238' title='bbox 723 3215 770 3278; x_wconf 90' lang='lat' dir='ltr'><strong>qui</strong></span> <span class='ocrx_word' id='word_1_239' title='bbox 787 3217 863 3279; x_wconf 81' lang='lat' dir='ltr'><strong>regis</strong></span> <span class='ocrx_word' id='word_1_240' title='bbox 883 3217 962 3264; x_wconf 86' lang='lat' dir='ltr'><strong>timet</strong></span> <span class='ocrx_word' id='word_1_241' title='bbox 980 3213 990 3279; x_wconf 75' lang='lat' dir='ltr'><strong>d</strong></span> 
     </span>
     <span class='ocr_line' id='line_1_37' title="bbox 79 3271 987 3348; baseline 0.009 -26"><span class='ocrx_word' id='word_1_242' title='bbox 79 3271 118 3325; x_wconf 75' lang='grc'><strong>437</strong></span> <span class='ocrx_word' id='word_1_243' title='bbox 137 3274 260 3341; x_wconf 83' lang='lat' dir='ltr'><strong>deponat</strong></span> <span class='ocrx_word' id='word_1_244' title='bbox 272 3293 352 3328; x_wconf 90' lang='lat' dir='ltr'><strong>omne</strong></span> <span class='ocrx_word' id='word_1_245' title='bbox 371 3281 399 3328; x_wconf 86' lang='lat' dir='ltr'><strong>et</strong></span> <span class='ocrx_word' id='word_1_246' title='bbox 410 3279 499 3343; x_wconf 81' lang='lat' dir='ltr'><strong>pellet</strong></span> <span class='ocrx_word' id='word_1_247' title='bbox 518 3295 541 3328; x_wconf 86' lang='lat' dir='ltr'><strong>e.</strong></span> <span class='ocrx_word' id='word_1_248' title='bbox 555 3295 582 3328; x_wconf 80' lang='lat' dir='ltr'><strong>a.</strong></span> <span class='ocrx_word' id='word_1_249' title='bbox 596 3280 620 3328; x_wconf 91' lang='lat' dir='ltr'><strong>d.</strong></span> <span class='ocrx_word' id='word_1_250' title='bbox 640 3282 753 3335; x_wconf 78' lang='lat' dir='ltr'><strong>eiNHs,</strong></span> <span class='ocrx_word' id='word_1_251' title='bbox 767 3279 779 3348; x_wconf 84' lang='grc' dir='ltr'><strong>ΙΙ</strong></span> <span class='ocrx_word' id='word_1_252' title='bbox 790 3284 840 3330; x_wconf 83' lang='grc'><strong>446</strong></span> <span class='ocrx_word' id='word_1_253' title='bbox 860 3283 987 3330; x_wconf 82' lang='lat' dir='ltr'><strong>anxiame</strong></span> 
     </span>
     <span class='ocr_line' id='line_1_38' title="bbox 80 3337 988 3412; baseline 0.002 -18"><span class='ocrx_word' id='word_1_254' title='bbox 80 3337 118 3408; x_wconf 66' lang='lat' dir='ltr'><strong>llll</strong></span> <span class='ocrx_word' id='word_1_255' title='bbox 131 3344 182 3395; x_wconf 71' lang='lat' dir='ltr'><strong>mr</strong></span> <span class='ocrx_word' id='word_1_256' title='bbox 194 3343 289 3395; x_wconf 84' lang='lat' dir='ltr'><strong>domas</strong></span> <span class='ocrx_word' id='word_1_257' title='bbox 301 3345 327 3394; x_wconf 89' lang='grc' dir='ltr'><em>Ε</em></span> <span class='ocrx_word' id='word_1_258' title='bbox 343 3347 485 3397; x_wconf 68' lang='lat' dir='ltr'><strong>Vossianus</strong></span> <span class='ocrx_word' id='word_1_259' title='bbox 503 3360 604 3412; x_wconf 79' lang='lat' dir='ltr'><strong>graues</strong></span> <span class='ocrx_word' id='word_1_260' title='bbox 616 3348 641 3397; x_wconf 84' lang='lat' dir='ltr'><em>A</em></span> <span class='ocrx_word' id='word_1_261' title='bbox 660 3365 759 3399; x_wconf 78' lang='lat' dir='ltr'><strong>uersum</strong></span> <span class='ocrx_word' id='word_1_262' title='bbox 777 3352 905 3399; x_wconf 78' lang='lat' dir='ltr'><strong>dmnnauit</strong></span> <span class='ocrx_word' id='word_1_263' title='bbox 923 3347 988 3397; x_wconf 80' lang='lat' dir='ltr'><strong>Soa-</strong></span> 
     </span>
     <span class='ocr_line' id='line_1_39' title="bbox 80 3406 987 3479; baseline 0.004 -17"><span class='ocrx_word' id='word_1_264' title='bbox 80 3406 218 3477; x_wconf 66' lang='lat' dir='ltr'><strong>liparssffl</strong></span> <span class='ocrx_word' id='word_1_265' title='bbox 235 3412 282 3462; x_wconf 90' lang='lat' dir='ltr'><strong>hio</strong></span> <span class='ocrx_word' id='word_1_266' title='bbox 300 3413 408 3478; x_wconf 86' lang='lat' dir='ltr'><strong>quidem</strong></span> <span class='ocrx_word' id='word_1_267' title='bbox 427 3415 506 3463; x_wconf 84' lang='lat' dir='ltr'><strong>uiuat</strong></span> <span class='ocrx_word' id='word_1_268' title='bbox 525 3417 607 3464; x_wconf 88' lang='lat' dir='ltr'><strong>miser</strong></span> <span class='ocrx_word' id='word_1_269' title='bbox 626 3415 694 3465; x_wconf 72' lang='grc' dir='ltr'><strong>ΑΕ3</strong></span> <span class='ocrx_word' id='word_1_270' title='bbox 713 3421 749 3466; x_wconf 85' lang='lat' dir='ltr'><strong>ad</strong></span> <span class='ocrx_word' id='word_1_271' title='bbox 759 3433 838 3479; x_wconf 82' lang='lat' dir='ltr'><strong>morp.</strong></span> <span class='ocrx_word' id='word_1_272' title='bbox 859 3416 906 3465; x_wconf 83' lang='lat' dir='ltr'><strong>ille</strong></span> <span class='ocrx_word' id='word_1_273' title='bbox 926 3431 987 3466; x_wconf 88' lang='lat' dir='ltr'><strong>enm</strong></span> 
     </span>
     <span class='ocr_line' id='line_1_40' title="bbox 80 3478 386 3555; baseline 0.023 -32"><span class='ocrx_word' id='word_1_274' title='bbox 80 3478 151 3527; x_wconf 82' lang='lat' dir='ltr'><strong>nonin</strong></span> <span class='ocrx_word' id='word_1_275' title='bbox 163 3484 212 3555; x_wconf 43' lang='lat' dir='ltr'><strong>‘est</strong></span> <span class='ocrx_word' id='word_1_276' title='bbox 227 3481 311 3531; x_wconf 83' lang='lat' dir='ltr'><strong>miser</strong></span> <span class='ocrx_word' id='word_1_277' title='bbox 327 3481 353 3530; x_wconf 86' lang='lat' dir='ltr'><em>E</em></span> <span class='ocrx_word' id='word_1_278' title='bbox 375 3478 386 3548; x_wconf 79' lang='grc' dir='ltr'>Η</span> 
     </span>
    </p>
   </div>
   <div class='ocr_carea' id='block_1_5' title="bbox 0 0 1170 3922">
    <p class='ocr_par' dir='ltr' id='par_1_5' title="bbox 0 0 1170 3922">
     <span class='ocr_line' id='line_1_41' title="bbox 0 0 1170 3922; baseline 0 0"><span class='ocrx_word' id='word_1_279' title='bbox 0 0 1170 3922; x_wconf 95' lang='lat' dir='ltr'><strong> </strong></span> 
     </span>
    </p>
   </div>
  </div>
 </body>
</html>
