2326 3922
486 207 638 256 ocrsvm

274 349 340 410 Non
357 366 411 426 ego
426 353 510 409 saeui
524 366 647 408 cernere
664 365 755 427 cogor

232 434 367 509 coniugis
383 450 450 502 ora,

233 536 292 578 non
308 519 420 578 inuisos
436 519 548 577 intrare
565 517 637 576 mihi

231 602 376 663 thalamos
391 600 527 663 iamuiae.

232 705 318 747 soror
333 689 454 764 Augusti
470 704 528 745 non
546 704 620 746 uxor
637 704 698 746 ero.

233 771 332 831 absint
347 773 464 839 tandem
481 772 579 830 tristes
595 787 707 847 poenae

232 855 341 936 letique
357 863 462 916 metus.

148 1002 253 1052 cflou.
277 990 429 1051 Scelerum
447 990 502 1051 diri
519 989 682 1050 miseranda
700 991 757 1049 uiri

234 1084 318 1153 potes
333 1075 392 1136 heu
407 1075 528 1135 demens
543 1092 664 1153 sperare
679 1076 811 1136 memor?

234 1160 289 1221 hos
304 1160 341 1220 ad
357 1159 503 1220 thalamos
518 1165 634 1220 seruata
651 1159 701 1217 diu
769 1191 775 1202 ·

234 1245 352 1305 uictima
367 1243 485 1305 tandem
503 1243 618 1303 funesta
635 1243 730 1304 cades.

234 1329 286 1389 sed
302 1329 371 1407 quisi
388 1330 497 1406 patrios
513 1345 602 1405 saepe
617 1335 739 1405 penates

234 1415 358 1492 respicis
373 1413 438 1474 uelis
454 1413 576 1472 coususa
593 1413 692 1488 genis?

233 1515 361 1576 propera
377 1499 461 1557 tectis
478 1497 584 1557 eiierre
601 1496 725 1573 gradus,

233 1581 334 1660 linque
350 1591 502 1643 cruentam
518 1581 661 1660 principis
677 1580 784 1642 auiam.

278 1716 322 1776 Eo
338 1716 433 1777 illuxit
448 1726 586 1793 suspecta
602 1717 653 1776 diu

234 1800 311 1862 sama
327 1803 434 1861 totiens
449 1803 554 1861 iactata
571 1802 641 1861 dies.

236 1886 322 1946 cessit
336 1884 472 1947 thalamis

236 1969 355 2031 Claudia
371 1971 427 2030 diri
444 1970 526 2050 pulsa
544 1970 668 2031 Neronis

235 2072 310 2132 quos
325 2056 382 2115 iam
399 2057 505 2115 uictrix
520 2054 656 2133 Poppaea
673 2064 766 2123 tenet,

236 2147 330 2199 cessat
345 2140 438 2218 pietas
455 2140 524 2199 dum
540 2148 641 2199 nostra
658 2141 741 2217 graui

236 2241 377 2302 oppressa
393 2231 482 2284 metu·
489 2225 647 2302 segnisque
664 2224 756 2284 dolor.

279 2358 333 2419 Vbi
349 2361 464 2420 romani
481 2361 524 2418 uis
540 2368 584 2420 est
594 2356 715 2436 popuii,

236 2461 311 2520 quae
327 2461 415 2523 saepe
431 2444 521 2504 duces
537 2445 625 2522 fregit
641 2442 736 2503 claros

237 2528 316 2588 dedit
330 2529 458 2589 inuictae
474 2529 554 2606 leges
570 2530 681 2606 patriae

109 2675 272 2682 -..ς-.--η
299 2676 311 2680 .-

175 2749 225 2798 667
249 2762 315 2797 seue
333 2765 355 2798 ω
384 2748 469 2796 saeui
488 2763 506 2796 α
535 2744 546 2814 Η
577 2764 660 2814 cogor
678 2765 699 2798 ω
728 2763 858 2814 cogare
888 2746 899 2816 ΙΙ
929 2753 978 2801 671
1001 2754 1026 2801 in

106 2831 188 2881 marp.
203 2817 288 2867 adscr.
302 2831 371 2880 apr.
385 2831 416 2864 m.
429 2812 515 2882 3121}
531 2812 715 2882 augustali
732 2818 780 2867 672
799 2821 908 2867 tantum
927 2835 947 2868 ω
965 2823 1026 2869 tan-

105 2883 180 2934 dem
197 2885 292 2947 scripsi
310 2878 322 2949 ΙΙ
343 2882 493 2946 tristesque
512 2884 573 2933 R12
585 2880 597 2950 Η
609 2887 659 2935 674
678 2885 760 2934 Charo
780 2887 851 2935 dedit
868 2886 960 2943 Ritter,
980 2890 1026 2936 ad·

103 2953 244 3015 stipulatur
262 2952 319 3002 eod.
339 2950 359 2999 0
381 2946 392 3016 Η
417 2950 476 3000 cho.
496 2965 620 3001 socerum
639 2952 691 3001 diri
711 2952 732 3001 0
753 2967 877 3002 socerum
897 2952 949 3000 diri
968 2950 1027 3016 (om.

106 3017 169 3082 cho)
190 3020 216 3069 A
229 3018 292 3068 Η13
310 3033 387 3068 soror
406 3034 421 3068 o
441 3018 494 3067 diri
511 3018 537 3067 B
560 3035 637 3070 soror
655 3020 700 3068 diu
718 3036 758 3070 un.
778 3035 814 3068 ex
832 3021 897 3071 Pau.
920 3019 966 3068 uei
985 3035 1026 3070 so·

105 3101 200 3136 cerum
212 3086 258 3135 uel
270 3086 406 3136 scelerum
419 3085 444 3135 B
456 3087 482 3135 in
493 3102 541 3150 mp.
566 3086 701 3137 scelerum
713 3086 765 3135 diri
776 3086 904 3151 pIIPail.
919 3086 998 3139 Oetel.
1014 3088 1026 3151 Η

105 3154 157 3204 675
178 3153 232 3203 hoc
258 3152 282 3201 B
299 3153 325 3203 V
332 3154 393 3204 usa
422 3153 470 3202 hic
494 3154 558 3204 lata
588 3156 657 3204 haec
680 3156 705 3203 A
739 3154 796 3204 heu
818 3157 914 3220 scripsi
930 3171 944 3206 e
962 3159 1027 3209 coni.

105 3221 181 3285 Lips.
202 3217 215 3286 ll
239 3236 369 3286 spernere
389 3217 432 3287 Gi!
443 3222 493 3272 677
513 3221 594 3272 cedes
613 3222 676 3271 uta
700 3217 711 3288 ii
735 3224 784 3273 682
804 3222 913 3277 OHOR.
932 3241 953 3274 ω
976 3226 1026 3274 dei.

104 3289 194 3338 Ritter
217 3283 229 3354 Η
252 3289 302 3340 687
325 3289 478 3340 cesitR13
501 3285 513 3355 ii
536 3291 586 3340 688
605 3305 763 3354 compressa
782 3291 806 3340 Α
826 3290 911 3355 oppsa
929 3292 994 3340 uta
1014 3292 1026 3354 i*

105 3355 186 3406 dolor
202 3360 298 3407 noster
318 3359 345 3407 V
353 3352 365 3422 ΙΙ
382 3357 432 3408 690
451 3358 497 3420 qui
513 3373 582 3408 corr.
601 3372 637 3407 ex
655 3373 707 3422 que
726 3358 787 3408 312
803 3354 817 3424 il
836 3357 921 3421 fregit
939 3357 1027 3408 cleros

106 3437 179 3487 quae
192 3439 279 3488 saepe
291 3425 375 3474 duces
392 3424 416 3473 A
436 3439 456 3493 q
474 3440 539 3489 sepe
559 3426 649 3476 claros
669 3425 753 3491 fregit
771 3425 856 3475 duces
875 3425 939 3476 1313
958 3440 1027 3489 quae

106 3505 192 3556 saepe
210 3491 296 3542 duces
314 3493 400 3558 fregit
419 3497 508 3543 claros
526 3495 622 3557 scripsi
643 3490 655 3559 ῙΙ
