2326 3922
452 217 631 283 rapueras

71 362 130 423 sed
146 361 257 440 rapior.
284 361 345 421 ime
360 361 453 436 mergit
468 378 486 420 e
501 359 593 421 tuate
609 357 715 428 selum,

72 452 161 508 tonat
176 444 240 506 dies
255 462 381 507 serenus
397 461 432 506 ae
445 445 514 509 tutis
529 444 636 506 demus

73 539 110 592 ut
127 531 220 591 fracta
235 531 321 592 tectis
336 531 454 607 crepuit
468 536 499 592 et
511 529 586 591 meti
600 527 678 591 lares

75 623 199 677 uertere
215 613 346 677 uultum:
368 614 419 676 fiat
433 613 500 683 hor,
517 614 567 677 fiat
582 613 680 683 naias,
1015 630 1066 682 265

76 699 159 780 qued
175 699 205 760 di
221 701 340 761 timetis.

30 794 59 854 f'
123 797 196 846 sar.
401 785 514 848 Facere
530 782 601 862 quid
615 781 735 844 tandem
750 781 856 859 paras?

76 882 159 930 ΛΤΒ.
192 870 322 930 neseio
343 869 430 948 quid
452 868 596 929 animus
616 868 711 928 maius
727 873 756 928 et
770 864 856 928 solito
871 863 998 947 amplius

76 970 231 1032 supraque
245 954 320 1016 fines
336 956 426 1015 moris
440 953 565 1015 humaui
580 959 698 1014 tumet

76 1040 228 1118 instatque
242 1039 336 1117 pigris
350 1037 496 1101 manibus.
522 1036 602 1100 baud
618 1037 689 1118 quid
703 1037 741 1098 sit
754 1037 827 1105 scio,

77 1123 132 1183 sed
148 1122 261 1199 grande
277 1123 417 1201 quiddam
433 1129 487 1186 est.
511 1123 551 1185 ita
566 1123 616 1183 sit·
636 1121 695 1184 hue
709 1123 809 1183 anime
823 1137 947 1201 occupa.
1015 1140 1067 1189 270

78 1208 203 1285 dignum
219 1214 263 1268 est
278 1207 408 1287 Thyeste
419 1207 534 1269 facinus
550 1214 579 1268 et
594 1206 715 1283 dignum
730 1207 830 1269 Atreo.

41 1327 61 1376 g
125 1288 253 1370 Vterque
268 1292 364 1356 saciat.
378 1328 422 1342 --
437 1292 513 1354 uidit
526 1291 664 1353 infandas
678 1291 784 1355 demus

77 1375 198 1455 odrysia
212 1394 339 1439 mensas.
355 1413 400 1425 -
412 1377 523 1448 fateor,
543 1377 663 1439 inmane
679 1383 725 1442 est
738 1373 852 1446 scelus,

78 1461 133 1522 sed
149 1470 339 1540 occupatum:
355 1464 450 1526 maius
463 1462 523 1524 hee
537 1460 646 1541 aliquid
661 1459 747 1522 detor

78 1548 222 1607 inueniat.
253 1548 383 1609 animum
399 1546 500 1608 Daulis
515 1547 628 1625 inspira
644 1563 755 1626 parens
1012 1564 1063 1613 222

78 1649 236 1709 sororque.
258 1650 344 1695 eausa
361 1630 538 1698 estsimilis:
554 1632 658 1693 assiste
675 1639 704 1692 et
720 1647 840 1691 manum

77 1715 193 1793 inpelle
208 1724 352 1778 nestram.
368 1749 412 1762 —
424 1715 539 1778 liberes
554 1715 660 1777 auidus
673 1723 758 1795 pater

78 1800 273 1881 gaudensque
287 1800 398 1866 laeeret
411 1808 442 1866 et
456 1818 527 1863 suos
540 1807 624 1865 artus
640 1800 716 1863 edat.
754 1801 758 1808 ’

39 1877 66 1950 ε’
124 1886 205 1946 Bene
221 1894 274 1948 est.
301 1885 421 1950 222262
435 1893 489 1951 est.
516 1885 566 1946 hie
581 1884 680 1964 placet
694 1903 808 1964 poenae
824 1883 930 1946 modus

79 1972 235 2049 tantisper.
262 1969 382 2033 ubinam
398 1972 459 2033 est?
473 1977 534 2036 tam
551 1970 601 2032 diu
616 1987 670 2032 eur
684 1971 828 2033 innocens
1013 1987 1065 2036 220

80 2063 219 2116 uersatur
234 2056 358 2117 Atreus?
373 2062 434 2117 tota
449 2057 508 2118 iam
524 2063 592 2116 ante
608 2054 712 2117 oeulos
726 2073 809 2116 meos

79 2142 182 2216 imago
198 2140 296 2202 caedis
311 2147 408 2212 errat,
424 2143 541 2218 ingesta
556 2139 668 2203 orbitas

79 2226 112 2284 in
130 2241 182 2284 ora
197 2226 297 2303 patris.
324 2227 422 2288 anime
435 2225 509 2305 quid
523 2242 629 2289 rursus
644 2228 731 2287 times

80 2317 113 2369 et
128 2315 195 2368 ante
209 2327 274 2370 rem
290 2309 436 2373 subsidia?
451 2310 620 2373 audendum
636 2301 694 2380 est,
712 2327 775 2387 age.

80 2392 161 2472 qued
179 2394 267 2454 estin
283 2396 339 2456 iste
354 2394 474 2478 scelere
484 2397 679 2474 praecipuum
693 2396 786 2464 netas,
1016 2410 1069 2460 286

82 2483 143 2538 true
158 2478 220 2555 ipse
235 2479 338 2542 saciet*

42 2561 60 2610 h
128 2573 203 2625 sar.
407 2564 465 2626 Sed
480 2563 588 2643 quihus
603 2570 706 2643 captus
722 2562 798 2626 dolis

79 2654 201 2707 nestros
216 2647 299 2710 dabit
314 2649 477 2728 perductus
493 2651 522 2710 in
538 2649 659 2729 laqueos
675 2649 798 2727 pedem?

77 2733 199 2793 inimica
215 2733 310 2796 credit
325 2740 442 2796 cuneta.

77 2830 160 2878 ΛΤΒ.
472 2837 532 2879 non
548 2825 664 2898 poterat
679 2820 754 2899 capi,

78 2902 138 2962 nisi
153 2918 261 2980 capere
275 2900 374 2965 uellet.
400 2920 493 2981 regna
507 2922 588 2965 nune
604 2912 731 2982 sperat
747 2921 821 2964 mea.

148 3103 344 3172 aestimetur
372 3111 461 3157 tumet
478 3107 529 3158 Eut
558 3103 570 3173 ΙΙ
598 3108 648 3158 269
667 3086 778 3158 inimus
796 3107 822 3156 Ε
850 3103 862 3173 ΙΙ
891 3109 942 3159 270
959 3109 1000 3158 in-

78 3173 140 3237 cipe
159 3174 186 3224 A
220 3190 329 3240 occupa
346 3174 372 3224 Ε
393 3192 435 3228 un.
460 3191 496 3226 eae
517 3177 583 3225 Part.
619 3170 632 3241 [l
665 3177 715 3225 272
738 3178 854 3241 uterque
873 3176 898 3226 A
945 3175 1000 3226 uod

77 3247 194 3306 uterque
207 3242 233 3292 E
255 3239 267 3309 ss
291 3243 341 3294 276
360 3244 480 3292 animum
492 3245 606 3311 guatiap
630 3258 675 3293 an.
688 3242 739 3293 filii
751 3244 776 3294 A
801 3192 1001 3294 2222222222-
1099 3309 1102 3316 Ι

77 3309 114 3358 lis
132 3308 158 3357 Ε
186 3307 199 3376 ΙΙ
228 3312 279 3362 276
302 3325 379 3362 soror
398 3315 481 3376 sstrp
512 3326 643 3376 sororque
662 3311 707 3361 Εα
736 3308 748 3377 Η
782 3314 831 3362 277
854 3325 956 3376 parens
974 3309 1002 3359 A

76 3380 159 3442 pater
177 3377 203 3427 Ε
232 3374 244 3446 ΙΙ
273 3379 323 3430 282
340 3379 423 3429 uerba
440 3379 552 3444 ingesta
570 3380 676 3429 orbitas
692 3380 721 3429 in
739 3395 787 3429 ora
799 3380 888 3444 petris
905 3393 952 3427 om.
966 3385 1003 3439 ψ,

75 3452 181 3495 tueatur
198 3459 232 3497 αε
255 3443 268 3514 11
290 3447 340 3498 286
358 3447 449 3498 faeiat
468 3463 487 3498 α
504 3447 593 3498 faciei
611 3447 660 3513 Εψ
684 3444 695 3514 Η
725 3448 775 3499 288
793 3445 933 3511 poteritA
952 3460 1002 3510 po·

76 3517 152 3565 terat
170 3526 184 3565 ε
201 3531 244 3565 un.
257 3531 293 3568 eoe
309 3515 377 3566 Pau.
407 3510 420 3581 ll
857 3530 860 3536 ’
