2326 3922
375 183 558 234 munerans
581 171 750 254 [avemus]

119 329 165 388 sed
179 328 250 387 clara
268 327 373 386 uirtus.
403 325 454 402 qui
470 341 565 402 genus
581 324 670 384 iactat
684 343 779 393 suurn,

123 412 225 472 aliena
240 410 349 471 laudat.

103 491 114 548 t'
351 494 446 572 Rapta
462 492 515 554 sed
529 493 644 570 trepida
660 511 749 554 manu

129 590 222 658 sceptra
237 580 423 658 optinentur.
456 578 553 638 omnis
568 578 598 637 iu
613 577 696 643 terro
710 586 754 639 est
769 579 857 640 salus.

130 667 191 742 quod
204 664 313 727 ciuibus
328 671 433 724 tenere
448 669 477 722 te
492 661 591 722 inuitis
607 663 692 731 scias,

131 751 224 810 strictus
238 756 339 810 tuetur
355 748 445 808 ensis.
475 745 599 807 alieno
615 747 644 805 in
660 745 725 807 loeo

133 832 186 893 haut
197 833 296 894 stabile
312 850 440 910 regnum
457 834 510 891 est.

109 936 122 984 p
547 915 610 975 Vna
624 915 676 976 sed
692 924 806 977 nostras
822 924 918 996 potest

133 1002 229 1064 fundare
247 996 327 1063 uires
343 1003 443 1062 innota
458 999 550 1078 regali
566 1001 629 1061 lace
826 1046 838 1061 .
1040 1021 1090 1070 350

134 1085 299 1168 thalamisque
314 1087 434 1164 Megara
450 1085 539 1146 ducet
554 1091 584 1144 et
598 1102 708 1162 genere
724 1085 836 1147 incluto

135 1175 223 1232 nouitas
237 1171 368 1231 colorem
382 1177 496 1231 nostra.
527 1187 585 1229 uon
602 1170 739 1248 equidem
755 1188 825 1232 reor

135 1253 182 1315 lore
194 1265 221 1317 ut
239 1262 390 1316 recuset
410 1273 445 1316 ae
460 1271 543 1315 meos
558 1260 679 1333 spernat
695 1264 785 1316 toros.

104 1337 125 1386 ¹¹¹
168 1339 233 1408 lluod
248 1343 272 1400 si
287 1341 432 1420 inpotenti
446 1341 582 1418 pertinax
598 1339 696 1398 auimo
712 1338 805 1398 ahnu
815 1346 864 1409 et,

135 1429 177 1482 stat
188 1427 294 1503 penitus
310 1442 428 1484 omnem
443 1421 549 1485 tollere
564 1422 735 1484 herculeam
750 1424 881 1485 domum.
1040 1442 1091 1491 355

126 1507 218 1587 ⁸inuidia
232 1511 341 1569 laetum
357 1528 392 1569 ae
406 1527 506 1569 sermo
521 1506 673 1587 popularis
689 1518 815 1584 premet.

134 1607 172 1649 ars
183 1595 264 1670 prima
280 1595 366 1672 regui
383 1600 428 1654 est
442 1612 531 1672 posse
547 1592 719 1653 *inuidiam
735 1595 804 1674 pali.
979 1614 983 1651 ι

135 1681 285 1756 temptemus
301 1679 400 1755 igitur.
430 1677 493 1736 lors
509 1672 691 1738 dedi't‘noh'is
706 1675 815 1740 locum.
981 1682 984 1691 ⁴

106 1760 125 1817 l'
169 1760 284 1840 Namque
299 1764 364 1841 ipsa
381 1763 456 1822 tristi
471 1763 563 1822 uestis
579 1761 702 1822 obtentu
717 1769 805 1840 caput

136 1841 211 1926 uelata
219 1851 297 1908 iuxta
313 1846 465 1925 praesides
480 1846 576 1906 adstat
591 1845 672 1915 deos

135 1924 248 2011 laterique
264 1931 404 1992 adhaeret
419 1948 509 1991 uerus
525 1930 645 1991 Alcidae
660 1938 751 1993 sator.

115 2143 123 2190 i
168 2146 233 2194 mue.
263 2134 407 2204 Quidnam
424 2135 478 2193 iste
490 2135 587 2193 nostri
602 2134 719 2210 generis
736 2135 856 2193 exitium
873 2133 986 2195 aslues

136 2219 188 2276 noui
200 2220 294 2297 parat?
317 2218 386 2298 quid
402 2218 545 2294 temptati

135 2309 192 2362 nhc.
470 2308 473 2314 ’
560 2300 713 2362 Oelarum
730 2301 849 2361 trahens

135 2387 231 2466 aslirpe
245 2405 354 2448 nomeu
369 2388 467 2464 regia,
484 2385 579 2446 facilis
594 2405 658 2446 mea

135 2484 267 2552 parumper
282 2490 354 2533 aure
370 2471 462 2532 uerha
477 2472 601 2548 patienti
617 2472 730 2550 excipe.

106 2562 124 2612 1⁰
167 2554 189 2614 Si
201 2567 316 2619 aeterna
332 2574 451 2634 semper
467 2554 550 2615 odia
565 2553 705 2616 mortales
720 2566 825 2632 gerant
918 2562 921 2567 ’

132 2705 302 2720 Ἢ

191 2795 236 2844 345
257 2792 353 2859 raptas
367 2791 416 2842 sed
439 2791 465 2840 E
487 2787 499 2856 Η
526 2793 576 2842 346
598 2792 708 2856 optineo
733 2807 768 2841 ex
784 2793 912 2856 optinent
925 2793 1021 2854 fuctum

133 2855 154 2902 V
172 2855 181 2921 ΙΙ
208 2863 254 2912 547
282 2869 377 2911 tenere
401 2864 429 2909 te
456 2856 505 2908 VA
543 2865 698 2922 tenerare
732 2867 777 2907 tur
798 2860 897 2925 syllaba
919 2861 945 2908 in
966 2876 1020 2909 rus.

128 2921 258 2991 Ε’11349
286 2932 334 2978 eut
355 2925 391 2976 El
427 2923 439 2992 Η
473 2927 522 2976 351
547 2927 691 2992 ᾳυθιαὸοει
709 2927 766 2976 EV
795 2923 808 2993 H
841 2927 879 2978 th.
898 2926 1021 2977 thebana

126 2988 194 3045 ducet
217 2997 253 3045 V·
278 2993 291 3063 ΙΙ
330 2994 413 3045 ducet
440 2999 469 3045 et
491 3010 517 3059 g.
541 2993 630 3043 EVP
664 2994 746 3044 ducet
770 3009 785 3043 e
809 3011 835 3058 g.
860 2995 884 3043 Α
922 2991 933 3060 ll
971 2998 1021 3047 355

126 3056 176 3110 Stat
197 3064 293 3114 tollere
319 3063 429 3130 penitus
454 3076 562 3112 omnem
593 3064 620 3111 V
621 3064 647 3111 P
663 3064 770 3112 Vratisl.
811 3062 874 3112 Stat
902 3068 921 3114 t.
945 3078 969 3112 o.
994 3081 1020 3128 p.

125 3127 157 3176 εΑ
181 3129 238 3181 stat
254 3148 281 3196 p.
301 3147 326 3184 0.
348 3130 448 3182 tollere
470 3131 566 3194 scripsi
592 3127 605 3193 11
633 3131 683 3180 356
706 3130 809 3179 fautum
828 3129 888 3195 Ele>
917 3131 1021 3180 fastum

123 3197 163 3257 φΑ
182 3194 194 3265 ll
214 3203 262 3253 357
281 3213 362 3264 posse
374 3202 402 3247 te
415 3197 471 3248 inu.
484 3198 508 3247 A
531 3203 559 3246 te
576 3197 649 3247 abest
666 3199 691 3247 E
700 3199 747 3261 Vah
766 3215 792 3262 p.
806 3197 841 3247 ad
852 3197 984 3248 inuidiam
997 3207 1021 3260 ψ

123 3266 208 3315 etuel
230 3270 263 3317 in
281 3268 336 3316 inu.
358 3266 410 3316 ult.
436 3265 499 3327 sort.
530 3265 653 3330 pondus
676 3265 798 3315 inuidiae
823 3267 890 3330 pati.
925 3263 937 3328 ΙΙ
971 3268 1021 3315 358

120 3344 171 3382 nora
196 3336 284 3385 Vitta
307 3351 339 3387 m.
356 3349 408 3383 sec.
436 3328 448 3399 ΙΙ
476 3333 567 3383 loeurn
585 3332 717 3383 nobisE¹
752 3329 763 3398 ΙΙ
798 3336 848 3384 359
867 3334 980 3382 obtectu
997 3332 1023 3379 V

118 3397 248 3456 liparam
272 3404 387 3452 obtentu
405 3400 505 3462 Eunu
533 3397 544 3467 ΙΙ
573 3403 686 3453 3600111.
706 3400 740 3449 E¹
760 3403 848 3465 inmp.
867 3399 904 3447 Ea
932 3396 943 3464 ΙΙ
971 3400 1020 3448 366

115 3470 312 3532 gerantEVle
334 3470 457 3534 agentA
481 3465 493 3535 11

160 3586 280 3621 SENECAE
300 3584 383 3622 undo.
795 3550 816 3611 2
