2326 3922
112 352 139 411 b,

104 2979 121 3028 b

139 197 204 262 280
422 211 454 258 s.
470 208 605 257 sumum
621 207 780 256 suuucsu

269 351 311 410 Et
327 357 363 410 tu
380 368 472 429 quae
488 350 597 427 gemini
614 348 734 426 praeuia
750 349 895 426 temporis

226 435 310 496 tarde
326 434 410 495 stella
426 434 506 494 redis
521 451 641 511 semper
656 431 842 494 amantibus:

226 530 254 581 te
270 527 382 580 matres
398 518 500 580 auidae
516 527 544 579 te
560 519 684 597 eupiunt
699 535 794 577 nurus

226 606 444 684 quamprimum
461 603 561 664 radies
576 620 717 681 spargere
733 601 858 667 lucidus

268 773 392 834 Vincit
407 774 563 849 uirgineus'
575 772 665 833 decor
745 815 752 831 .

224 858 312 936 longe
329 859 482 934 cecropias
493 875 606 928 purus,

225 951 260 1003 et
275 961 366 1022 quas
381 943 596 1021 Taygetiiugis

225 1034 345 1088 exercet
360 1029 500 1086 iuuenum
518 1025 605 1086 modo

225 1113 319 1172 muris
335 1111 414 1188 qued
431 1119 513 1171 caret
529 1109 671 1188 oppidum

225 1203 258 1256 et
274 1213 363 1273 ques
379 1196 483 1255 eonius
498 1193 575 1255 latex

224 1281 413 1359 Alpheosque
429 1296 513 1340 sacer
529 1279 617 1340 lauat.

272 1450 316 1510 Ce
326 1449 416 1509 deut
430 1449 550 1508 aesonio
567 1447 635 1507 eluci

227 1533 269 1614 [si
279 1533 386 1606 formu
400 1537 474 1594 uelit
489 1531 624 1612 auspici]
663 1610 666 1615 .
764 1605 767 1608 ‚

225 1617 325 1696 proles
341 1616 471 1677 fulminis
486 1616 606 1695 inprobi

226 1709 304 1782 aptat
321 1704 371 1780 qui
386 1704 451 1780 iuga
469 1701 607 1780 tigribus,

225 1805 281 1847 nee
295 1805 354 1846 non
371 1789 422 1864 qui
437 1787 568 1866 tripodas
583 1792 685 1846 mouet

225 1874 318 1931 irater
334 1873 456 1949 uirginis
472 1889 609 1949 asperae,

226 1956 621 2016 eedetCastoreeumsuo
701 2016 705 2025 ,

224 2040 328 2101 Pollux
345 2040 491 2101 caestibus
507 2041 613 2118 aptior.

269 2210 318 2270 Sic
334 2211 376 2269 sic
392 2207 547 2269 caelicolae
563 2227 670 2286 precor

225 2296 355 2354 uincet
370 2293 478 2353 semina
495 2296 649 2370 coniuges,

225 2381 274 2440 uir
288 2378 376 2456 longe
393 2384 545 2456 superet
561 2381 652 2438 uiros.

223 2716 297 2776 haec
314 2735 381 2776 eum
398 2717 525 2776 femineo
542 2719 673 2776 constitit
689 2718 718 2775 in
735 2717 841 2776 ebore:

224 2802 311 2861 unius
327 2800 419 2862 iacies
435 2802 580 2879 praenitet
596 2800 744 2862 omnibus.

268 2970 327 3030 Sic
343 2988 410 3030 cum
427 2969 487 3029 sole
503 2972 580 3046 perit
595 2970 728 3030 sidereus
744 2969 832 3029 decor

224 3061 253 3113 et
268 3055 351 3114 densi
365 3053 479 3114 latitant
494 3053 644 3115 Pleiadum
661 3072 779 3131 greges,

208 3224 239 3272 77
258 3227 285 3272 et
304 3237 375 3287 quae
393 3223 419 3271 A
438 3227 467 3272 et
485 3237 554 3287 quas
573 3236 586 3273 ε
606 3218 618 3288 ll
639 3224 672 3274 78
690 3226 822 3272 exercent
840 3223 865 3270 A
884 3225 994 3272 exercet
1009 3208 1041 3277 fil

137 3293 170 3342 82
187 3298 247 3356 post
265 3309 290 3339 u.
303 3294 335 3342 83
354 3293 446 3354 lepitur
462 3292 488 3338 in
508 3291 544 3349 A,
564 3292 611 3340 boe
629 3294 684 3340 loeo
703 3293 728 3338 in
739 3288 772 3348 Ε,
792 3291 876 3339 deleri
892 3305 946 3338 cum
962 3282 1041 3343 uel

137 3362 170 3410 90
195 3359 325 3426 celicolee
345 3358 370 3406 E
393 3355 457 3420 (titt.
477 3358 533 3406 icel
556 3375 572 3406 a
595 3375 625 3409 m.
646 3362 661 3406 2
680 3360 705 3406 iri
722 3357 793 3419 ras.)
822 3353 833 3422 ll
863 3358 895 3407 92
919 3357 998 3421 longe
1018 3354 1042 3401 ul

137 3432 250 3491 superat
268 3427 307 3476 Mu
324 3426 405 3489 longe
426 3429 538 3488 superet
555 3426 596 3475 Αε
608 3422 620 3490 ΙΙ
632 3428 664 3476 93
682 3428 795 3474 lacunam
812 3426 903 3474 statuit
919 3425 983 3474 R.P.
995 3417 1042 3482 1194

136 3496 217 3544 unius
235 3493 260 3542 E
278 3492 363 3558 (prius
381 3509 398 3542 u
416 3494 442 3541 in
459 3492 527 3556 ras.)
539 3489 551 3559 Η
564 3494 596 3544 95
614 3493 757 3557 syderibus
776 3494 800 3540 A
821 3492 947 3543 sidereus
964 3490 988 3541 E
1007 3484 1019 3556 ll
