2326 3922
434 213 633 262 PRAEFATIO
918 217 1010 264 XXIII

58 394 131 452 quae
146 376 232 432 uerba
248 374 449 448 transponendo
472 374 505 430 ad
521 380 637 430 metrum
652 374 776 448 redigere
791 374 938 432 studebant
956 375 1012 431 edi-

61 471 136 518 tores
158 460 229 518 male
249 467 342 516 tamen
363 459 541 533 prouidentes
563 458 740 515 concinnitati
761 466 923 516 structurae.
961 461 1012 516 Ve-

58 563 122 602 rum
143 545 269 603 ostendit
292 544 365 599 Rus
386 545 433 618 qui
454 543 569 600 uocibus
591 551 622 598 ut
648 545 806 617 saepissime
835 545 1010 618 transpositis

58 632 113 688 boc
135 630 262 705 praebet:
286 647 308 685 s.
331 647 357 685 u.
381 628 472 684 ierues
489 645 559 702 quos
577 627 603 683 ii.
627 644 664 690 a.,
688 629 762 702 quod
784 627 838 685 ieui
860 630 1011 686 mutatione

58 715 103 772 sic
128 715 302 772 emendatur:
326 731 347 768 s.
368 730 395 769 u.
424 729 494 787 quos
523 713 645 769 iurens
674 712 699 768 ii.
728 731 752 768 a.
798 713 884 769 Simili
905 717 1011 771 ratione

59 800 157 856 multis
172 799 240 856 Iocis
262 815 293 854 ex
309 797 368 854 solo
385 797 459 853 R13
479 799 624 870 genuinam
645 799 808 871 scripturam
831 799 1011 855 restituimus.

59 884 150 941 Sicu.
166 883 207 942 50
222 882 262 939 ira
277 883 336 957 pari
352 881 426 954 (odio
442 901 469 956 p.
488 882 522 953 Α)
554 883 615 940 260
631 882 695 938 iusti
710 882 821 956 coniugi
837 882 935 955 (nostri
948 900 1012 939 eon·

59 967 186 1041 iugisA)
216 967 277 1025 408
299 967 417 1023 numinis
438 969 529 1039 magni
545 967 594 1022 dea
616 965 746 1038 (nominis
761 967 796 1039 A)
829 967 888 1024 149
911 968 969 1024 dica
985 977 1012 1024 et

60 1053 124 1109 sitis
139 1051 210 1125 (dira
225 1052 286 1108 sitis
302 1052 372 1107 313
386 1051 437 1107 diri
454 1052 516 1107 sitis
531 1052 556 1107 Α
571 1068 642 1107 corr.
659 1051 689 1106 N.
705 1051 809 1124 Heins.)
841 1053 899 1111 701
918 1053 1011 1109 inieiiu

59 1154 116 1193 nox
136 1135 166 1208 (i.
182 1153 245 1192 mox
260 1135 295 1208 Α)
326 1135 386 1194 798
403 1136 533 1193 attonitas
549 1134 693 1208 (attonitus
708 1135 744 1204 Α)
776 1136 835 1193 741
853 1137 936 1194 residi
959 1136 1012 1208 (re-

60 1221 120 1278 sedi
134 1221 172 1293 A)
194 1238 319 1295 quaeque
335 1229 400 1278 sunt
415 1221 476 1276 alia.
512 1219 563 1278 Sed
579 1222 602 1277 is
619 1220 666 1293 qui
682 1220 753 1276 1213
780 1224 901 1277 exarauit
918 1239 1011 1294 quam·

62 1323 142 1379 quam
164 1305 197 1361 de
213 1322 265 1362 suo
288 1305 354 1361 nihii
378 1305 512 1362 addidisse
532 1322 584 1361 nec
606 1306 750 1377 qumquam
772 1307 869 1362 uolens
892 1313 1012 1361 mutasse

63 1389 224 1446 iudicandus
247 1398 290 1446 est
314 1398 402 1447 tamen
425 1407 485 1447 eum
508 1397 583 1446 tanta
604 1387 688 1445 inerit
710 1389 816 1446 inscitia
834 1397 963 1463 tantaque
985 1392 1012 1445 in

63 1474 209 1532 scribendo
225 1492 293 1531 usus
304 1476 341 1531 sit
356 1474 532 1548 indibgentia,
549 1482 579 1531 ut
592 1491 725 1548 persaepe
740 1477 902 1549 scripturam
920 1475 1013 1531 arche·

63 1561 122 1634 typi
142 1562 231 1632 magis
258 1561 387 1616 uitiosam
408 1559 535 1616 redderet
562 1577 593 1616 ac
620 1559 792 1634 deprauatam
820 1577 900 1632 quam
927 1560 1011 1616 ceteri

61 1644 140 1701 libri:
165 1644 263 1700 horum
279 1645 312 1701 ad
328 1644 566 1716 subsidiumhaud
583 1662 645 1700 raro
661 1644 852 1718 refugiendum
868 1653 918 1699 est.
957 1644 1012 1699 iiu·
1113 1648 1115 1652 ’

61 1731 107 1785 ius
127 1736 218 1785 autem
239 1731 348 1803 generis
370 1736 479 1802 praeter
500 1736 607 1786 eeteros
629 1729 763 1785 excellunt
779 1729 1011 1784 bondinensis

61 1813 329 1886 Rehdigeranus
350 1831 377 1869 n.
400 1813 438 1870 12
462 1813 703 1885 Lugdunensis
724 1812 763 1885 (B
779 1812 850 1867 Rl2
866 1813 911 1884 0).
941 1829 1012 1886 quos

61 1915 119 1954 non
136 1897 226 1954 solum
242 1897 335 1954 multis
350 1898 419 1954 loeis
436 1914 496 1955 cum
511 1897 583 1953 R13
597 1899 753 1954 consentire
774 1897 899 1953 uidemus
916 1914 1011 1952 uerum

62 1983 145 2038 etiam
162 1982 233 2039 haud
249 1984 287 2038 ita
302 1999 379 2046 raro,
402 1982 447 2038 ubi
465 1990 493 2039 et
510 1982 555 2038 ille
571 1991 599 2038 et
614 1984 697 2038 ceteri
713 1989 841 2055 peccant,
865 1981 941 2037 solos
956 1983 1012 2053 pri·

63 2069 164 2123 stiuam
180 2069 342 2141 scripturam
355 2083 474 2124 seruare.
497 2067 610 2124 blinoris
621 2067 654 2122 ad
666 2065 803 2124 Octauiam
819 2066 1012 2122 emendandam

63 2152 204 2294 rlrrpmenlti1
217 2160 294 2207 eraut
310 2151 460 2209 Gotirani
477 2150 760 2208 vindobonensis
775 2151 1012 2224 Rehdigerani

122 2243 150 2292 et
209 2276 215 2291 .

28 2400 45 2460 1
129 2405 288 2462 Transimus
304 2404 337 2460 ad
352 2405 535 2461 recensendos
551 2412 579 2461 et
595 2401 789 2460 describendos
805 2403 950 2475 utriusque
966 2419 1013 2475 ge-

65 2490 140 2545 neris
160 2489 268 2546 codices
290 2506 338 2546 eos
360 2506 476 2563 quorum
497 2489 596 2546 auxilio
618 2491 646 2544 in
667 2487 842 2544 emendandis
864 2489 1013 2562 tragoediis

65 2574 108 2629 nsi
124 2590 227 2629 sumus.
256 2573 376 2630 Alterius
392 2573 440 2646 (E)
456 2576 565 2646 generis
581 2574 702 2630 bisunt:

10 2651 43 2711 itt.
129 2655 521 2733 Excerpta‘thunnee.
564 2658 654 2713 Codex
676 2658 812 2713 thuaneus
834 2659 851 2713 ἰ.
869 2674 891 2713 e.
914 2657 1013 2714 Parisi-

64 2759 117 2798 nus
133 2758 160 2796 n.
176 2742 257 2800 8071
280 2742 393 2799 membr.
409 2742 468 2798 ioil.
486 2743 524 2799 61
548 2742 650 2799 formae
673 2743 802 2798 maximae
824 2758 893 2798 saec.
915 2760 948 2798 1x
970 2759 1011 2797 er.

63 2827 109 2883 nei
124 2844 146 2882 x
167 2828 204 2883 in.
220 2826 339 2900 scriptus
361 2825 413 2900 (m.
428 2827 552 2883 buebner
573 2844 615 2901 ap.
633 2826 661 2882 L.
678 2825 849 2883 Schwabium
872 2829 901 2880 in
916 2825 1012 2881 Catulli

65 2910 152 2986 praei.
173 2928 199 2969 11
219 2929 245 2967 n.
263 2909 302 2983 6).
346 2913 381 2967 be
402 2913 455 2968 hoc
474 2911 545 2968 libro
566 2920 674 2985 praeter
694 2911 764 2967 alios
786 2912 914 2985 exposuit
935 2909 961 2965 C.
983 2911 1011 2965 B.

64 2995 163 3052 Hasins
178 2997 206 3051 in
222 2996 307 3070 praei.
322 2995 594 3053 mstsmnetdewtnt
610 2997 641 3052 ad
652 2994 782 3052 Martialis
797 3003 1011 3071 t.1p.nxxx111.

65 3077 138 3147 Quae
161 3080 220 3137 ioil.
237 3080 276 3138 57
300 3079 339 3138 58
366 3083 543 3138 continentur
564 3089 688 3155 excerpta
711 3097 743 3137 ex
761 3080 880 3138 Senecae
901 3081 1012 3137 Troadi-

65 3163 116 3221 bus
131 3165 223 3222 Iiedea
238 3164 341 3239 Oedipo
364 3183 394 3222 ea
411 3168 614 3224 accuratissime
630 3166 767 3239 descripta
788 3168 940 3240 accepimus
963 3165 1011 3220 I'r.

64 3249 234 3307 buebneri
249 3249 450 3309 beneuolentia.
477 3251 514 3307 Ea
530 3250 629 3325 quibus
644 3251 773 3325 quoniam
785 3268 870 3324 pauca
886 3252 913 3305 in
929 3249 1012 3304 adno-

65 3334 168 3391 tatione
188 3335 284 3392 eritiea
306 3338 503 3393 conmemorari
525 3342 667 3410 poterant,
694 3343 751 3392 tota
766 3336 820 3391 hoc
835 3335 896 3390 ioco
912 3332 1012 3389 descri-

65 3416 150 3476 benda
165 3423 332 3478 enrauimus.
356 3420 427 3479 Haec
442 3428 532 3478 autem
542 3420 656 3477 Ennodii
672 3419 874 3495 epigrammatis
890 3415 1014 3474 subiecta

64 3501 206 3578 teguntur:
