2326 3922
148 226 190 295 20
428 242 460 288 u.
476 241 610 288 aunam
626 239 783 287 sannone

110 418 135 450 m
192 395 268 443 ure.
299 382 457 443 Animosne
473 398 588 442 mersus
603 379 661 440 ini
666 380 743 440 eris
759 380 886 439 coniunx
904 377 989 438 iacit?

151 482 234 529 uua.
264 466 412 526 inferna
427 467 532 542 tetigit,
548 472 648 544 posset
663 472 696 524 ut
710 482 818 543 supera
834 464 965 542 adsequi.

150 566 225 613 Luc.
258 550 370 612 telluris
385 549 467 611 iilum
485 550 599 628 pondus
614 551 766 608 inmensae
783 549 928 625 premit.

150 650 234 699 unu.
264 635 345 696 nutto
361 643 554 714 premetur
570 652 661 696 onere
678 635 727 712 qui
743 631 857 693 eaelum
872 631 949 693 tulit.

108 730 142 786 m'
194 733 271 782 ch.
302 720 454 798 Cogere.

154 820 238 868 unta.
489 804 573 880 rogi
588 804 639 881 qui
654 810 760 881 potest,
776 803 871 862 nescit
886 802 971 862 mori.

150 904 227 951 uro.
257 890 348 949 eiiare
364 887 498 948 thalamis
513 887 592 964 quod
609 889 693 948 nouis
710 888 808 966 potius
821 904 926 966 parem

149 974 248 1053 regale
263 973 387 1034 munus?

149 1072 234 1120 uua.
399 1063 451 1117 aut
465 1063 545 1116 tuam
561 1065 686 1117 mortem
702 1063 753 1117 aut
768 1073 874 1116 meam.
1060 1079 1078 1120 r.

148 1156 225 1204 nuc.
250 1145 378 1202 moriere
393 1141 531 1202 demensi

149 1242 233 1290 Mae.
535 1226 654 1302 coniugi
669 1243 825 1286 occurram
842 1242 919 1285 meo.

109 1328 135 1361 m
190 1325 266 1373 Luc.
290 1313 474 1390 Sceptraque
489 1317 592 1371 nostro
609 1309 770 1370 famulus
787 1316 831 1370 est
845 1311 943 1388 potior
959 1308 1028 1368 ubit
1059 1384 1062 1391 Ι

149 1411 232 1459 uuo.
257 1409 329 1474 quot
343 1400 398 1457 iste
415 1394 575 1456 famulus
591 1395 712 1455 tradidit
726 1413 813 1473 reges
828 1395 904 1456 neoi.
1078 1408 1092 1455 4

148 1495 224 1542 ure.
249 1500 303 1542 eur
319 1499 389 1558 ergo
406 1482 470 1556 regi
485 1481 577 1542 seruit
592 1486 623 1540 et
637 1481 746 1558 patitur
761 1479 881 1557 iugum?

148 1578 232 1627 uae.
261 1567 385 1642 imperia
402 1564 475 1624 dura
492 1563 570 1633 tolle,
587 1565 657 1642 quid
673 1565 796 1625 uirtus
812 1563 887 1624 erit‘t

105 1657 139 1714 ιη’
191 1662 268 1711 Luc,
294 1649 377 1709 Obici
393 1649 462 1708 ieris
478 1650 674 1727 monstrisque
691 1649 866 1709 uirtutem
883 1647 989 1725 putas?

147 1748 231 1796 otuu.
256 1735 374 1794 uirtutis
390 1741 434 1793 est
449 1733 569 1794 domare
586 1752 661 1812 quae
676 1734 774 1793 cuncti
789 1741 907 1810 pauent,

147 1831 223 1880 Luc.
248 1818 389 1879 tenebrae
404 1816 573 1898 loquentem
590 1834 695 1894 magna
711 1825 857 1878 tartareae
873 1824 1023 1895 premunt.
1079 1833 1094 1879 4

147 1917 231 1964 Mne.
256 1920 316 1962 non
332 1909 376 1962 est
391 1904 426 1963 ad
442 1911 521 1964 astra
537 1900 632 1962 moltis
648 1923 664 1962 e
679 1903 766 1962 terris
781 1905 839 1963 uia.

113 2130 131 2163 n
191 2118 268 2181 Luc,
293 2104 369 2174 Quo
385 2113 490 2183 patre
505 2106 621 2181 genitus
637 2103 772 2165 caelitum
789 2110 888 2183 sperat
904 2104 1027 2164 domos?

148 2204 255 2252 auru.
280 2190 447 2251 miseranda
464 2191 592 2249 coniunx
608 2189 743 2250 Herculis
760 2189 858 2266 magni
874 2188 937 2249 site.

146 2285 345 2354 partes-meae
361 2284 429 2336 sunt
444 2274 571 2335 reddere
585 2273 704 2335 Aloidae
721 2281 834 2352 patrem

147 2379 299 2440 genusque
315 2379 429 2422 uerum.
460 2366 542 2438 post
558 2367 601 2419 tot
616 2360 742 2436 ingentis
758 2359 816 2418 uiri

147 2445 338 2506 memoranda
355 2447 430 2505 saeta
444 2451 593 2521 postque
608 2451 745 2522 pacatum
761 2461 850 2502 manu

147 2531 355 2607 quodcumque
371 2529 458 2588 Titan
474 2535 556 2588 ortus
572 2534 600 2588 et
614 2526 718 2588 labens
734 2528 829 2587 uidet:

107 2613 133 2670 n‘
189 2615 275 2673 Post
289 2617 422 2671 monstra
438 2618 480 2670 tot
495 2613 670 2689 perdomita,
686 2620 768 2689 post
783 2610 941 2689 Phlegram
956 2611 1039 2689 inpio

146 2715 277 2776 sparsam
295 2714 403 2756 eruore
419 2703 565 2774 postque
580 2697 717 2756 defensos
734 2695 806 2756 deos

213 2951 263 2999 426
287 2951 410 3000 dabitV
444 2946 456 3014 ΙΙ
490 2951 541 2998 aet
562 2947 759 3013 supernarum
793 2946 1009 3012 superaE¹tpA
1036 2945 1053 3036 fl

145 3017 195 3065 429
214 3023 382 3080 premeretur
402 3015 436 3066 ΕΙ
465 3014 476 3083 Η
506 3019 556 3067 434
579 3022 741 3080 sceptroque
761 3014 881 3080 E¹VArp
910 3019 1064 3082 seeptroq3

147 3082 211 3145 E²tp
241 3090 384 3148 seeptrone
403 3101 438 3135 ex
456 3102 486 3135 m.
503 3102 525 3134 a.
544 3087 659 3149 reposuit
678 3085 779 3133 Detrius
808 3080 820 3150 ΙΙ
849 3084 940 3148 potior
959 3089 1002 3132 est
1020 3083 1062 3135 sa·

146 3151 235 3200 mulus
254 3152 304 3200 tibi
322 3153 347 3201 A
372 3153 438 3202 iam.
458 3159 500 3202 est
519 3158 574 3217 pot.
593 3157 613 3204 t.
632 3152 688 3200 EV
707 3147 720 3218 H
748 3153 799 3203 435
817 3150 888 3216 quod
906 3149 941 3199 E¹
970 3148 983 3218 ΙΙ
1012 3153 1063 3204 437

81 3273 88 3280 ‚
146 3219 219 3283 quod
236 3221 262 3268 in
281 3220 345 3283 quid
363 3237 432 3270 corr.
451 3219 486 3269 E¹
507 3217 518 3286 ΙΙ
547 3223 597 3271 439
616 3222 704 3269 uirtus
727 3221 774 3282 Vq
797 3214 912 3284 uirtusls
934 3219 958 3268 Τ
977 3220 1064 3270 uirtu-

145 3289 182 3336 tis
201 3288 241 3338 εΑ
265 3284 276 3353 Ι,
299 3291 397 3337 timent
412 3290 440 3338 V
448 3289 532 3340 Basil.
546 3304 594 3352 nep.
608 3289 670 3337 nra
693 3288 792 3337 timent
811 3291 915 3352 pauent
932 3288 994 3338 1111
1014 3304 1063 3351 pa-

145 3359 238 3407 uente
255 3372 336 3421 supra
355 3371 454 3405 uersum
470 3371 523 3405 ree.
541 3373 571 3407 na.
585 3357 647 3408 aad.
661 3356 723 3405 itta
746 3352 758 3421 Η
786 3358 836 3406 442
855 3360 950 3420 sperat
968 3354 1064 3407 EVM]

144 3429 273 3495 penetrat
290 3425 316 3474 A
349 3419 361 3489 Η
390 3425 440 3473 444
463 3440 542 3473 meae
561 3424 735 3473 haesuntA
760 3424 813 3474 hoe
832 3422 941 3474 deestE
969 3418 982 3488 ΙΙ
1011 3426 1063 3475 448

145 3492 273 3582 ρῂΙθὲξῃῃ
292 3509 316 3557 Ε
344 3504 355 3574 Η
383 3511 434 3559 449
452 3524 576 3574 sparsum
598 3510 646 3572 th
669 3504 681 3573 {l
