2326 3922
427 220 626 269 AGAMEMNO

54 360 157 437 caiigo
175 367 204 420 et
220 361 302 419 omni
316 359 382 420 luce
398 358 542 419 subducta
559 359 667 419 fretum

55 444 237 522 caelumque
253 446 366 504 miscet.
397 443 527 522 undique
543 443 719 503 incumbunt
733 444 820 504 simul

57 533 240 609 rapiuntque
256 528 378 607 pelagus
393 528 493 589 infimo
510 547 648 589 euersum
664 528 727 588 solo

55 616 207 674 acluersus
224 631 296 674 euro
312 613 459 691 zephyrus
475 622 504 673 et
519 613 629 673 boreae
645 621 740 674 notus.

108 699 166 758 Sua
182 700 307 777 quisque
322 699 411 757 mittit
425 696 481 757 tela
499 706 528 757 et
544 698 642 758 iniecti
657 699 764 758 fretum

58 782 253 844 emoliuntur.
285 781 374 842 turbo
390 781 542 842 conuoluit
557 801 655 841 mare:

56 869 244 948 Strymonius
260 866 333 928 aitas
348 866 444 942 aquilo
461 874 638 942 contorquet
654 868 736 927 niues

60 951 237 1030 libycosque
253 951 379 1011 harenas
395 960 493 1011 auster
509 951 544 1011 ad
561 958 656 1029 syrtes
672 953 740 1029 agit.

60 1055 120 1097 nec
134 1043 234 1096 manet
249 1038 277 1096 in
295 1043 408 1097 austro:
433 1037 466 1095 tit
481 1037 582 1112 grauis
598 1036 706 1095 nimbis
722 1042 822 1105 nome,

60 1121 160 1182 imbre
175 1128 263 1197 auget
276 1120 390 1189 undas,
408 1139 496 1181 eurus
512 1122 654 1180 orientem
672 1128 772 1180 mouet

59 1205 205 1266 nabataea
222 1206 356 1284 quatiens
371 1222 462 1282 regna
480 1214 508 1265 et
524 1223 594 1265 eoos
609 1206 700 1265 sinus.

106 1290 180 1360 Quid
197 1291 316 1350 rabidus
332 1307 383 1349 ora
399 1307 487 1351 corus
502 1307 614 1350 oceano
630 1289 773 1350 exerens?

58 1375 208 1436 muhdum
224 1373 329 1434 reuelli
344 1374 464 1434 sedihus
481 1381 572 1435 totum
590 1375 650 1435 suis

59 1462 202 1539 ipsosque
218 1466 306 1537 rupto
322 1459 461 1519 crederes
477 1459 557 1520 caelo
574 1459 644 1519 deos
716 1538 719 1543 θ

59 1544 202 1604 decidere
219 1550 246 1604 et
262 1550 358 1603 atrum
374 1542 465 1604 rebus
480 1544 579 1604 induci
595 1544 694 1603 chaos.

59 1637 154 1689 uento
170 1629 280 1688 resistit
295 1636 393 1689 aestus
409 1635 437 1688 et
452 1637 560 1689 uentus
575 1636 655 1688 retro

59 1722 177 1774 aestum
194 1712 330 1773 reuoluit.
361 1731 420 1772 non
436 1714 514 1791 capit
530 1731 594 1774 sese
610 1730 692 1772 mare

60 1798 217 1876 undasque
233 1800 359 1858 miscent
374 1797 469 1858 imber
485 1805 514 1858 et
529 1797 635 1858 fluetus
650 1815 726 1856 suas.

107 1883 168 1943 Nec
183 1884 240 1942 hoc
256 1881 390 1942 leuamen
406 1883 533 1960 denique
549 1884 700 1942 aerumnis
715 1882 801 1942 datur

61 1967 168 2027 uidere
184 1965 287 2026 saltem
304 1976 333 2028 et
349 1984 434 2027 nosse
450 1985 508 2044 quo
525 1974 649 2047 pereant
665 1965 757 2026 malo:

61 2058 204 2129 premunt
217 2051 360 2112 tenebrae
375 2050 485 2111 iumine
501 2058 530 2111 et
546 2052 627 2112 dirae
643 2052 740 2130 Stygis

60 2135 179 2196 interna
196 2154 255 2195 nox
272 2144 326 2196 est.
357 2136 494 2196 excidunt
509 2137 593 2214 ignes
608 2143 705 2195 tamen

60 2227 94 2281 et
110 2220 188 2281 nube
204 2220 300 2280 dirum
317 2219 427 2280 fulmen
445 2221 514 2281 elisa
531 2223 620 2280 micat

59 2306 240 2384 miserisque
256 2303 329 2364 lueis
344 2311 423 2365 tanta
440 2304 568 2365 dulcedo
585 2312 628 2366 est
643 2304 753 2365 malae:

59 2388 122 2448 hoe
138 2389 238 2450 lumen
256 2396 368 2467 optant.

393 2474 459 2552 ipsa
475 2492 506 2534 se
523 2473 624 2534 classis
639 2475 747 2553 premit

58 2567 94 2618 et
109 2574 199 2635 prora
214 2575 322 2636 prorae
338 2559 440 2619 nocuit
456 2566 484 2619 et
498 2556 583 2619 lateri
597 2558 684 2620 latus.

58 2640 143 2702 iiiam
160 2641 313 2703 dehiscens
328 2649 436 2722 pontus
451 2645 481 2702 in
497 2661 642 2723 praeceps
656 2644 734 2722 rapit

59 2727 221 2805 hauritque
237 2735 267 2786 et
281 2727 339 2787 alto
354 2727 499 2788 redditam
516 2729 643 2789 reuomit
658 2732 749 2796 mari,

129 2997 181 3048 496
209 2997 368 3062 Rapuitque
391 3006 414 3061 ψ
443 2995 454 3064 ΙΙ
483 2997 603 3047 infimum
628 3013 725 3048 euerso
748 2998 811 3063 polo
835 2998 860 3047 Ε
890 2998 982 3051 infimo

55 3111 188 3149 euersum
205 3097 264 3148 solo
281 3098 307 3148 Α
352 3099 401 3150 497
421 3076 543 3151 Αάιιθτεῖ)
563 3099 597 3149 ΕΙ
616 3095 627 3164 Η
643 3101 692 3150 498
716 3102 803 3149 mittit
827 3101 853 3149 E
866 3102 889 3151 R
901 3103 983 3153 Hein-

55 3167 149 3216 sianue
161 3166 274 3215 mittunt
285 3167 310 3216 A
347 3169 396 3217 501
410 3169 445 3217 ad
457 3168 483 3216 E
495 3169 535 3218 lm
547 3168 648 3217 IIPall.
661 3170 697 3232 9?
711 3168 876 3218 Germanicus
889 3185 923 3218 ac
935 3171 961 3220 Α
974 3170 982 3233 ii

54 3234 113 3284 ⁵04
130 3237 175 3283 ete
194 3249 249 3284 oos
267 3232 351 3298 (priua
369 3250 385 3285 o
404 3253 435 3286 m.
452 3236 525 3297 tert.)
545 3235 569 3283 E
580 3231 592 3300 ΙΙ
605 3251 688 3284 sonus
706 3234 743 3283 El
761 3237 838 3285 sinus
857 3234 892 3284 Ε3
904 3232 916 3300 ΙΙ
933 3238 983 3286 505

56 3300 175 3351 rabidus
193 3301 220 3351 Ε
236 3301 350 3368 rapidus
368 3304 393 3353 A
411 3300 422 3368 ΙΙ
439 3305 489 3354 506
508 3303 618 3353 reuellit
634 3303 660 3351 Ε
678 3302 776 3352 reuelli
793 3302 818 3350 Α
835 3298 848 3366 Η
870 3303 919 3352 507
938 3318 982 3351 ru·

56 3373 123 3434 ptos
138 3384 157 3434 9
174 3372 270 3435 raptos
287 3370 311 3419 R
364 3371 413 3422 508
431 3371 575 3421 Decedere
594 3370 620 3418 Ε
640 3367 652 3436 ΙΙ
674 3372 721 3421 512
746 3369 828 3419 datur
845 3368 871 3417 Ε
889 3369 983 3419 datum

55 3439 104 3489 eut
120 3440 146 3486 A
171 3442 216 3487 est
233 3452 280 3488 om.
299 3438 321 3487 R
362 3440 411 3488 517
429 3439 503 3488 mele
523 3436 569 3502 (ec.
588 3437 695 3503 optant)
714 3435 763 3486 Bo.
776 3432 787 3502 ΙΙ
799 3437 847 3487 521
866 3452 942 3488 mare
962 3456 983 3488 ω

54 3505 135 3554 mari
155 3504 234 3556 Gron.
253 3512 279 3555 et
297 3506 373 3558 NHs.
395 3501 407 3572 ΙΙ

40 3594 46 3603 ’
113 3602 239 3640 aarum
259 3604 343 3643 raro.
736 3585 778 3648 22
