2326 3922
494 1069 686 1120 HEROVLES.

177 1225 263 1286 Sator
282 1225 405 1285 deorum
422 1226 505 1287 cuius
522 1244 677 1287 excussum
692 1244 781 1285 manu

130 1318 278 1388 utraeque
293 1309 405 1370 Phoebi
420 1312 549 1370 sentiunt
565 1310 676 1372 fulmen
692 1311 811 1380 domus,

131 1412 238 1455 secure
253 1412 354 1473 regna.
386 1394 496 1473 protuli
510 1412 614 1473 pacem
631 1394 692 1455 tihi.

132 1497 321 1557 quacumque
336 1479 450 1540 Nereus
466 1481 578 1558 porrigi
595 1487 691 1540 terras
708 1486 789 1540 uetat

133 1581 196 1623 non
213 1571 257 1624 est
272 1564 444 1625 tonandum.
475 1563 581 1642 perfidi
596 1582 682 1641 reges
699 1564 794 1624 iacent

132 1649 216 1708 saeui
232 1650 358 1726 tyranni.
390 1648 531 1725 fregimus
547 1649 684 1726 quicquid
702 1648 758 1709 iuit

132 1732 188 1791 tibi
204 1731 429 1794 fulminandum.
461 1734 512 1794 sed
530 1733 600 1793 mihi
617 1731 729 1793 coelum
746 1750 855 1812 parcns

133 1816 232 1877 adhuc
247 1818 392 1895 negaturi
414 1819 499 1895 parui
515 1825 596 1878 certe
611 1817 682 1877 ioue

132 1899 247 1979 ubique
261 1901 366 1979 dignus
378 1909 468 1980 teque
483 1909 587 1962 testata
604 1909 648 1962 est
663 1919 762 1961 meum

134 1992 251 2063 patrem
267 2003 407 2045 nouerca.
440 1986 507 2065 quid
525 1987 863 2057 tamennectismorasi
1068 1996 1102 2044 ro

135 2068 280 2148 numquid
297 2070 452 2131 timemur?
476 2071 619 2149 numquid
634 2071 793 2147 inpositum
809 2069 865 2130 sibi

134 2171 194 2213 non
212 2155 323 2230 poterit
338 2153 418 2217 Atlas
434 2155 513 2215 ierre
529 2173 597 2215 cum
614 2154 695 2215 caelo
711 2153 887 2215 Herculem?

104 2258 118 2296 ε
136 2238 208 2316 quid
224 2244 303 2298 astra
317 2240 433 2315 genitor
448 2239 517 2316 quid
533 2240 641 2316 negas?
664 2257 744 2299 mors
761 2257 808 2299 me
825 2237 876 2297 tibi

136 2329 219 2382 certe
234 2324 361 2391 remisit,
379 2341 466 2383 omne
483 2325 629 2384 concessit
644 2323 754 2383 malurn

136 2406 214 2484 quod
230 2413 310 2466 terre
325 2409 427 2485 genuit
442 2417 550 2487 pontus
566 2426 616 2468 aer
632 2408 730 2468 inferi.

135 2489 234 2550 nuilus
251 2509 303 2568 per
317 2491 408 2552 urbes
424 2498 504 2552 errat
519 2494 665 2567 aroolicos
681 2491 740 2562 leo,

138 2574 315 2654 Stymphalis
330 2577 387 2636 icta
404 2583 462 2644 est,
478 2575 601 2637 Maenaii
617 2575 696 2636 nulla
714 2577 849 2645 estsere,

203 2809 398 2861 HERCVLES
411 2812 437 2860 E
451 2813 474 2861 V
488 2813 563 2865 Voss.
582 2811 657 2862 Mors
666 2812 797 2862 Herculis
811 2814 828 2874 (.
835 2813 847 2875 )
861 2814 916 2862 cod.
931 2814 1051 2876 luqduno-

140 2877 242 2929 betanus
260 2896 284 2926 n.
304 2882 358 2929 373
387 2878 583 2929 HERCVLES
603 2879 770 2930 OETAEVS
790 2881 813 2928 Α

203 3086 304 3150 Inoni
322 3097 517 3148 HEROVLES
535 3098 561 3147 E
583 3099 687 3163 Incipit
706 3113 776 3161 quae
796 3099 897 3147 dicitur
914 3097 1053 3147 Hercules

143 3161 174 3226 (et
191 3168 238 3218 noc
256 3164 372 3230 rubrica)
395 3167 469 3215 Voss.
492 3163 503 3230 ΙΙ
524 3168 537 3214 1
557 3165 697 3216 excelsum
714 3172 738 3228 ψ
759 3161 770 3229 ΙΙ
792 3168 824 3214 14
842 3165 981 3215 concessit
999 3165 1054 3214 eoo

143 3231 211 3288 IPoi.
223 3236 287 3285 R13
310 3238 458 3284 concessor
475 3233 550 3286 IPai.
580 3249 641 3284 cum
660 3233 743 3283 cessit
760 3232 786 3281 Ε
797 3248 814 3296 9
838 3247 899 3281 cum
918 3235 1009 3281 cesset
1027 3232 1051 3279 A

144 3313 198 3351 eum
217 3307 291 3352 esset
307 3311 331 3366 ψ
350 3306 445 3351 cessat
464 3300 521 3358 (om.
535 3317 597 3351 cum
609 3304 650 3351 uel
662 3299 724 3364 con)
742 3296 788 3366 ΗΙΙ
806 3301 837 3349 15
856 3298 1053 3362 Quodcumque

142 3369 211 3419 terra
228 3367 277 3437 ψΙΙ
290 3371 320 3420 16
339 3369 469 3420 arcadias
486 3369 537 3417 ΕΑ
557 3368 725 3433 argolicas
744 3368 841 3419 IGron.
867 3363 881 3434 [i
