2326 3922
429 191 627 239 AGAMEMNO

220 350 291 393 aura
307 333 423 409 siringii
438 329 524 390 litora
540 338 602 391 luta

221 417 445 494 timidusque
461 417 534 475 mari
551 417 673 476 credere
690 415 827 476 cumbam

220 519 303 562 remo
319 509 413 561 terras
429 501 570 577 propiore
584 499 663 577 legit.

310 764 572 813 CLYTEMESTRA.
596 766 737 812 NVTRIX.

109 923 183 995 Ouid
201 923 299 999 segnis
315 923 411 982 anime
427 928 488 981 tuta
505 919 626 980 oonsilia
643 923 773 998 expetis?

61 1009 135 1088 quid
150 1007 320 1067 fluctuaris?
344 1004 442 1066 olausa
460 1006 517 1065 iam
534 1004 637 1065 melior
655 1007 701 1065 uia
718 1015 770 1066 est.

62 1093 146 1154 liouit
161 1090 286 1169 pudicos
302 1090 435 1167 coniugis
451 1089 599 1166 quondam
616 1097 699 1150 loros

63 1186 94 1238 et
110 1184 228 1255 sceptra
244 1182 322 1234 casta
337 1174 426 1234 uidua
442 1174 532 1234 tutari
548 1173 615 1233 fide.

62 1263 183 1341 periere
199 1278 298 1320 mores
313 1260 359 1319 ius
374 1257 463 1319 decus
478 1259 571 1336 pietas
587 1259 660 1319 fides

63 1354 93 1407 et
110 1347 159 1423 qui
175 1344 289 1411 redire,
306 1344 480 1420 comperit,
498 1344 594 1402 nesoit
610 1343 715 1420 pudor.

62 1432 99 1490 (la
117 1430 200 1490 irena
219 1436 247 1488 et
263 1444 381 1488 omnem
395 1445 489 1510 prona
505 1427 664 1504 nequitiam
681 1428 784 1488 incita:

62 1532 118 1594 per
133 1511 246 1574 scelera
263 1527 381 1588 semper
397 1509 558 1571 sceleribus
574 1518 668 1571 tutum
685 1519 729 1572 est
744 1515 808 1575 iter.

107 1599 219 1658 Tecum
235 1599 296 1675 ipsa
312 1613 392 1655 nuno
407 1595 514 1656 euolue
530 1596 673 1657 iomineos
689 1597 787 1667 dolos,

63 1682 143 1761 quod
159 1680 218 1742 ulla
234 1681 362 1741 coniunx
377 1679 488 1756 perfida
505 1687 593 1758 atque
609 1682 694 1757 inpos
710 1683 756 1742 sui

63 1785 167 1828 amore
182 1783 287 1832 oaeoo,
305 1763 384 1842 quod
399 1763 574 1825 uoueroales
590 1782 694 1825 manus

62 1869 168 1921 ausae,
185 1849 265 1929 quod
280 1850 388 1909 ardens
403 1849 484 1925 inpia
500 1850 585 1925 uirgo
602 1849 665 1908 iace

61 1936 202 2012 phasiana
217 1931 334 2011 fugiens
350 1944 441 2008 regna
457 1931 612 2009 thessalica
629 1933 728 1994 trahe:

64 2020 179 2080 ferrum
195 2036 320 2079 uenena.
350 2016 400 2078 uel
415 2035 589 2096 mycenaeas
606 2017 709 2078 domos

62 2105 221 2165 coniuncta
236 2103 317 2163 sooio
332 2102 458 2179 profuge
474 2101 582 2162 iuriiua
599 2111 671 2161 rare.

62 2188 135 2268 quid
150 2187 251 2248 timida
266 2186 398 2267 loqueris
413 2186 491 2246 furta
507 2193 536 2246 ei
551 2184 669 2246 exilium
686 2196 715 2248 et
731 2187 834 2264 iugasi

61 2291 150 2333 soror
166 2273 221 2332 ista
236 2271 314 2332 lecit.
345 2279 374 2331 te
390 2270 476 2330 decet
489 2271 585 2331 maius
601 2270 693 2332 nefas

108 2369 211 2415 nvrn.
235 2355 347 2432 Regina
363 2354 495 2414 Danaum
511 2361 540 2414 et
557 2353 688 2416 inolitum
705 2356 802 2416 Ledae
819 2372 913 2432 genus

61 2441 135 2520 quid
151 2442 238 2500 tacita
256 2457 358 2500 uersas
373 2437 483 2517 quidue
499 2438 612 2499 consilii
627 2440 765 2520 inpotens

61 2524 177 2586 tumido
192 2525 308 2584 feroces
323 2525 449 2601 impetus
464 2524 563 2582 animo
579 2525 678 2599 geris?

60 2609 132 2670 licet
146 2610 209 2688 ipsa
224 2607 327 2677 sileas,
343 2614 422 2669 tolus
437 2608 467 2666 in
483 2605 567 2668 uultu
583 2617 628 2668 est
644 2608 737 2668 dolor.

61 2694 149 2772 proin
167 2691 306 2771 quioquid
324 2699 382 2761 est,
400 2692 435 2752 da
451 2699 568 2769 tempus
584 2710 618 2752 ao
634 2695 760 2772 spatium
776 2691 838 2752 tibi.

61 2777 144 2856 quod
160 2779 235 2839 ratio
251 2793 309 2836 non
325 2778 404 2855 quit,
421 2793 510 2854 saepe
525 2778 640 2862 sanauit
656 2795 748 2837 mora.

60 2955 265 2964 ————--——·

131 3063 332 3126 Clytemestra
350 3063 439 3128 ubique
457 3057 554 3128 ERGss
571 3063 619 3112 109
639 3059 742 3124 anime)
763 3077 777 3112 e
795 3063 822 3111 in
840 3077 892 3112 ras.
911 3059 948 3109 E²
967 3060 980 3124 ΙΙ

60 3133 112 3182 ua
129 3130 215 3180 uidua
234 3144 248 3182 ε
265 3131 461 3196 Rapiomootani
477 3129 541 3179 liber
564 3130 659 3180 iuncta
677 3129 702 3177 A
732 3125 744 3195 ll
774 3131 820 3179 121
839 3129 877 3178 th.
897 3143 982 3194 graue

58 3199 85 3249 Ε
97 3195 111 3264 ΙΙ
123 3200 172 3250 122
184 3200 344 3250 micaeneaa
357 3197 451 3248 domos
463 3197 488 3245 Ε
506 3197 660 3246 mioeneam
672 3196 780 3246 domum
794 3196 983 3261 GMyoenaea

58 3267 140 3318 domo
160 3267 185 3316 A
203 3281 293 3317 wrm
311 3281 387 3331 onup
403 3261 415 3331 ll
433 3265 482 3316 125
500 3263 582 3315 Soror
600 3264 625 3312 Ε
639 3264 821 3316 Ge.Fabririue
840 3263 903 3313 Sora
922 3263 947 3310 A
968 3260 982 3322 ll

58 3335 112 3385 126
129 3339 159 3385 et
176 3349 224 3385 om.
243 3347 257 3386 ε
279 3330 291 3400 Η
315 3335 363 3384 127
382 3331 499 3384 oonsilio
516 3332 542 3382 E
565 3328 576 3396 ll
601 3334 650 3382 130
672 3331 792 3382 Proinde
813 3326 942 3394 quioquid
960 3343 982 3376 ω

56 3401 144 3453 Proin
168 3402 234 3466 quid
258 3418 277 3453 α
306 3401 390 3452 Proin
408 3399 539 3466 quioquid
557 3400 664 3464 Lipsius
692 3396 704 3466 ll
735 3401 782 3450 131
806 3411 860 3447 non
879 3394 939 3459 quit
957 3392 982 3442 Ε

56 3469 159 3534 nequii
175 3478 199 3535 ψ
217 3470 338 3534 nequiit
357 3485 376 3519 α
398 3465 412 3535 ΙΙ

714 3549 788 3615 21*
