2326 3922
129 235 194 300 244
300 289 304 294 .
411 248 590 313 nanuum
607 247 765 296 sausoure

173 408 239 450 cum
256 390 384 449 coniunx
399 387 491 448 oculis
507 389 637 466 inposuit
654 406 772 448 manum

172 492 387 554 supremusque
404 473 466 534 dies
482 472 592 532 solibus
608 472 721 532 obstitit

173 567 202 619 et
217 561 307 620 tristis
322 561 438 619 cineres
455 575 528 617 urna
546 557 715 617 cohercuit?

174 662 231 704 non
248 644 369 722 prodest
384 643 509 703 animam
527 642 645 702 tradere
659 642 772 711 funeri,

173 729 224 789 sed
240 738 331 788 restat
347 729 460 788 miseris
477 728 579 787 uiuere
594 726 730 804 longius?

217 899 261 956 dn
278 898 329 956 toti
345 898 489 956 morimur
506 893 645 974 nullaque
660 913 730 974 pars
747 903 847 955 manet

174 983 283 1049 nostri,
301 1000 366 1039 cum
383 980 510 1057 prologo
526 981 647 1057 spiritus
663 978 753 1040 balitu

174 1067 314 1125 inmixtus
331 1065 446 1124 nebulis
459 1066 547 1124 cessit
561 1066 591 1124 in
608 1082 676 1124 acra

174 1158 202 1208 ot
219 1150 437 1226 nudorutotigit
454 1149 569 1208 subdita
586 1149 632 1208 lar
649 1148 744 1209 latus?
915 1162 939 1206 r.
955 1161 1051 1205 uxrrn
1068 1163 1111 1210 390

116 1320 122 1339 '
217 1316 975 1395 Quicquidsolorionsquicquidetoccidens

112 1409 114 1413 ’
174 1405 270 1472 nouit,
289 1402 431 1462 caeruleis
447 1402 583 1461 Oceanus
599 1402 682 1462 iretis

174 1490 308 1564 qtricqn
319 1488 352 1545 id
369 1487 414 1545 bis
430 1488 553 1546 uomens
567 1489 612 1547 bis
628 1487 743 1563 fugiens
757 1486 852 1555 lauat,

174 1581 252 1630 actas
269 1588 395 1647 pegaseo
412 1572 557 1648 cornipiet
573 1571 675 1648 gradu.

219 1737 292 1806 Quo
308 1739 423 1799 bissena
440 1739 542 1799 uolant
556 1740 652 1799 sidera
668 1740 801 1808 turbine,
1070 1752 1113 1801 395

174 1843 242 1902 quo
260 1843 348 1884 cursu
364 1833 505 1902 properat
521 1823 645 1885 uoluere
661 1823 778 1885 saecula

173 1916 319 1968 astrorum
337 1909 487 1976 dominus,
505 1927 575 1988 quo
592 1917 733 1987 properat
748 1909 836 1969 modo

173 1992 299 2070 obliquis
316 1994 424 2054 llecate
440 2012 561 2053 currere
576 1993 719 2054 lienibus:

117 2167 123 2184 '
218 2161 280 2220 Hoc
296 2181 398 2221 omncs
414 2163 539 2239 potimus
555 2163 611 2220 lata
628 2180 683 2222 nec
699 2161 825 2240 amplius

173 2249 283 2305 iuratos
300 2249 415 2323 superis
431 2248 480 2325 qui
497 2247 592 2323 tetigit
607 2246 704 2314 lacus,

173 2350 296 2409 usquam
313 2340 365 2390 est.
397 2338 429 2389 ut
445 2330 544 2390 calidis
561 2331 659 2391 lomus
675 2330 711 2392 ab
727 2331 860 2408 ignibus.

174 2417 305 2475 uanosoit
320 2418 445 2494 spatium
463 2433 515 2492 per
530 2415 622 2475 breue
638 2416 792 2486 sordidus,

116 2587 131 2605 '‘
216 2587 252 2644 Vt
268 2584 360 2644 uubcs
376 2585 512 2662 grauidas
528 2602 600 2660 qtras
617 2584 704 2644 nrodo
720 2586 850 2646 uidimus

174 2671 267 2728 arctoi
282 2671 395 2729 lloroao
412 2670 520 2728 dissicit
536 2670 677 2746 impetus:

174 2755 215 2814 sic
231 2754 279 2813 bic
294 2773 352 2832 quo
370 2756 499 2832 regimur
515 2754 634 2831 spiritus
653 2753 764 2814 ellluct.

139 2959 340 2967 ————

199 3093 248 3139 381
268 3093 354 3140 tristis
374 3092 398 3140 E
416 3093 509 3140 tristes
530 3087 577 3155 ΑΙΙ
589 3093 637 3141 387
657 3092 699 3139 An
718 3092 742 3139 A
762 3106 795 3139 ac
813 3089 839 3152 (c
857 3090 967 3155 inrue.)
988 3090 1025 3140 A*
1044 3088 1052 3145 ἶξ

132 3161 181 3208 390
199 3160 290 3207 subita
308 3156 354 3224 toll
371 3161 419 3209 393
437 3159 480 3208 bis
498 3159 613 3207 ueniens
632 3164 660 3208 ot
679 3159 698 3210 f.
717 3159 743 3207 E
765 3156 822 3220 (uel
835 3159 853 3207 f.
866 3158 892 3207 Ε
907 3167 925 3208 t.
939 3160 1051 3222 Ilr'ron.)
1144 3170 1158 3217 χ

133 3228 174 3275 bis
194 3242 218 3273 u.
238 3227 289 3275 bis
309 3228 327 3275 f.
349 3226 533 3289 Henneberper
550 3225 595 3274 uel
613 3241 639 3277 u.
658 3225 704 3274 uel
723 3226 744 3274 f.
763 3226 788 3275 A
806 3221 817 3291 ΙΙ
835 3226 915 3275 labat
936 3224 983 3292 ΕΗ
999 3230 1050 3279 395
1142 3242 1159 3288 ·.¹

133 3330 180 3377 Bis
200 3309 252 3392 qud
284 3330 292 3389 ζ
300 3345 311 3375 s
331 3331 412 3376 deleto
432 3329 511 3375 tertio
528 3324 577 3389 m.)
602 3327 626 3374 E
654 3323 666 3392 Η
695 3330 799 3376 uocant
817 3316 855 3375 Ε’
885 3343 958 3379 corr.
985 3328 1047 3387 Εἴ,

133 3399 182 3446 396
201 3396 312 3445 noluero
332 3396 425 3445 secula
445 3394 469 3442 Ε
491 3394 587 3443 secula
605 3395 717 3444 uoluere
736 3396 761 3444 A
813 3396 863 3444 398
883 3399 985 3445 aecate
1004 3396 1029 3445 Ε
1045 3394 1053 3455 ἱ,
1141 3404 1160 3448 ἰ,

133 3467 182 3513 399
203 3466 293 3513 Ηοοε
325 3465 401 3512 llaec
420 3464 444 3510 A
475 3458 487 3528 Ι]
515 3465 564 3512 402
584 3463 749 3526 sordibusp
818 3463 870 3513 404
890 3461 1053 3513 dissicartls'
1137 3452 1163 3481 ⁸⁸

133 3531 243 3579 dissicit
261 3533 300 3580 ΛΕ
318 3531 437 3595 dissipat
456 3533 478 3578 A
508 3526 520 3594 ll
1141 3530 1155 3553 ²*
