2326 3922
436 207 637 255 PRAEFATIO
942 209 1006 258 xxi

121 367 266 422 Praeterea
287 383 505 441 nonnumquam
521 366 568 422 ubi
589 367 616 422 iu
632 367 777 427 florentino
797 369 869 425 libro
890 370 1006 442 pristina

58 453 198 527 scriptura
214 467 292 508 erasa
308 460 351 508 est
366 451 409 507 uel
426 452 585 515 obscurata,
608 451 680 508 illam
696 452 759 510 libri
774 453 887 510 Vindob.
905 453 1004 510 auxilio

54 537 249 612 agnoscimus:

114 653 177 723 112
192 652 246 710 iam
262 653 324 710 odia
339 646 412 710 n²A
548 664 614 711 uota
637 655 664 711 V

112 738 176 796 116
193 754 234 793 me
249 741 354 879 Ῑέἳτίιετ
369 746 396 794 et
411 755 441 795 se
457 739 518 795 uin·
548 756 591 795 me
606 739 716 817 uicit-et
731 757 761 796 se
776 741 869 796 uincat
892 740 917 795 V

194 832 237 879 cat
300 825 326 878 Α
408 834 410 839 “

111 907 176 964 273
193 900 518 981 quorecid.E²inros.A
549 902 754 986 quo[ho]rsum
770 908 854 966 excid.
879 908 906 964 V

111 991 178 1050 374
193 994 329 1049 sociemus
345 984 417 1047 MV
548 994 684 1049 sociemur
707 987 778 1049 VE¹

133 1075 173 1134 62
190 1077 291 1133 deuicti
303 1078 332 1133 Ε
342 1077 360 1147 (i
372 1079 400 1132 in
409 1077 483 1149 rus.)
496 1078 521 1133 Α
549 1078 656 1134 deuicta
679 1078 706 1134 V

153 1161 173 1219 8
191 1163 296 1236 tepenti
311 1154 384 1217 E²A
551 1170 661 1236 tepente
684 1162 746 1219 VR.

126 1278 201 1347 Quae
216 1297 279 1337 cum
301 1280 339 1336 ita
353 1279 409 1336 sint
425 1281 473 1353 qui
493 1280 592 1336 librum
609 1279 845 1335 vindobonensem
865 1281 1012 1352 conposuit

58 1368 83 1422 is
104 1365 215 1421 uidetur
236 1365 264 1420 in
285 1365 463 1422 describendo
477 1365 620 1422 Hercule1
641 1370 752 1438 praeter
771 1363 859 1419 libros
880 1363 1008 1437 uolgares

60 1478 98 1491 ·-
123 1449 234 1506 eosdem
260 1451 388 1506 nimirum
415 1450 488 1506 unde
514 1458 620 1508 ceteras
640 1448 747 1506 tabulas
773 1450 947 1522 transcripsit
970 1479 1007 1489 -

59 1534 156 1591 codice
174 1551 244 1590 usus
267 1550 329 1590 esse
349 1534 394 1590 uel
416 1535 518 1591 codicis
534 1534 674 1592 cuiusdam
690 1534 851 1606 fragmentis
870 1535 1009 1590 recensio·

58 1619 102 1675 nis
130 1618 254 1675 melioris
281 1616 480 1676 uetustioribus
507 1618 668 1681 florentino,
698 1620 770 1675 unde
797 1618 1009 1674 Phoenissarum

59 1719 173 1778 quoque
189 1705 331 1777 inscriptio
347 1703 463 1777 repetita
479 1705 523 1759 sit.
538 1704 596 1760 Nisi
611 1703 683 1760 iorte
699 1704 769 1759 hane
782 1697 846 1759 libri
865 1701 1007 1776 Vpartem

58 1795 190 1863 putamus
205 1787 239 1844 ad
255 1788 396 1844 tertiam
413 1788 545 1862 quandam
557 1789 648 1846 redire
659 1796 751 1844 textus
766 1789 1008 1844 recensionem

58 1871 253 1944 antiquissimo
276 1879 399 1947 tempore
419 1873 531 1937 iactam,
554 1875 632 1930 cuius
652 1881 794 1946 praeterea
809 1871 915 1929 nullum
936 1877 1011 1927 extet

58 1957 220 2029 uestigium.
258 1955 311 2012 Sed
325 1958 385 2013 sine
399 1957 454 2013 hoc
467 1959 528 2014 sine
543 1957 611 2014 illud
625 1958 752 2032 amplecti
767 1957 864 2018 males,
882 1957 934 2012 boc
950 1957 1010 2027 qui·

59 2041 122 2096 dem
139 2039 273 2098 concedes
287 2040 387 2097 librum
406 2042 502 2098 chm
516 2042 544 2098 in
556 2044 655 2098 ceteris
671 2042 817 2118 tragoediis
832 2039 1010 2097 restituendis

60 2125 164 2181 nullius
185 2128 317 2182 momenti
338 2126 388 2189 sit,
412 2127 445 2183 ad
459 2125 603 2184 Herculem
619 2134 708 2184 tamen
723 2128 843 2202 priorem
864 2125 1011 2182 emendan-

61 2211 122 2266 dam
139 2208 286 2284 plurimum
301 2210 393 2267 ualere
400 2209 438 2282 ³¹⁸).

129 2309 262 2385 Superest
290 2318 321 2367 ut
347 2330 400 2386 qua
425 2315 532 2368 ratione
560 2314 593 2368 iu
621 2312 766 2369 Octauia
796 2308 1011 2366 recensenda

62 2398 168 2452 uersati
189 2397 275 2452 simus
291 2396 447 2454 doceamus.
476 2399 565 2470 Atque
586 2414 681 2453 omnes
698 2395 806 2469 quidem
827 2393 912 2450 libros
928 2409 1009 2449 mser.

62 2497 137 2554 quos
159 2481 192 2536 ad
208 2481 277 2537 lrauc
291 2489 460 2555 praetextam
482 2482 674 2538 emendandam
689 2479 874 2543 adhibuimus,
896 2479 929 2534 ad
944 2495 1011 2535 eun·

60 2565 125 2622 dem
142 2565 263 2621 codicem
278 2565 399 2622 anticum
414 2566 574 2624 referendos
590 2584 651 2623 esse
666 2564 822 2622 luculenter
837 2564 928 2636 arguit
943 2564 1012 2619 mira

59 2666 162 2707 eorum
182 2651 211 2705 in
230 2651 398 2724 corruptelis
418 2651 578 2725 quibusdam
599 2651 773 2725 grauioribus
795 2650 942 2706 consensio
964 2645 1010 2719 (cf.

58 2733 127 2791 Luc.
145 2732 266 2790 llueller.
281 2734 304 2791 J.
321 2736 344 2791 J.
362 2735 443 2793 1866
465 2755 491 2810 p.
509 2735 590 2807 388).
619 2735 684 2792 Nam
706 2744 736 2791 ut
758 2751 789 2796 ea
809 2733 1012 2808 praetermitta-

58 2836 123 2875 mus
149 2819 216 2876 uitia
235 2836 305 2892 quae
327 2837 377 2877 nos
393 2821 504 2894 quidem
523 2820 659 2876 detexisse
674 2819 753 2876 nobis
769 2819 907 2881 uidemur,
930 2832 1011 2872 nemo

59 2903 192 2979 proiecto
213 2903 348 2961 dubitabit
374 2905 441 2980 quin
461 2905 607 2979 deprauata
633 2906 688 2961 sint
709 2905 806 2960 haece:
844 2921 870 2959 u.
892 2901 932 2957 42
964 2917 1012 2958 ora

132 3167 163 3234 *)
182 3169 262 3232 Quod
278 3171 308 3219 in
324 3170 407 3220 huius
418 3170 484 3222 libri
501 3171 684 3236 inscriptione
701 3169 797 3220 ultimo
816 3169 878 3219 loco
892 3168 1013 3218 Octauia

61 3241 288 3289 conmemoratnr
307 3253 362 3288 non
383 3244 426 3289 est
447 3239 552 3288 mirum.
593 3239 664 3288 Nam
685 3237 815 3287 librarius
838 3253 900 3287 eum
922 3240 950 3285 et
970 3232 1023 3282 in·‘

61 3307 245 3372 scriptionem
262 3307 415 3359 etHerc.1
435 3322 468 3357 ex
485 3306 556 3357 libro
574 3306 621 3356 illo
639 3308 761 3371 optimae
778 3309 876 3366 notae,
902 3306 1012 3353 ceteras

62 3390 95 3424 ex
114 3373 216 3424 codice
233 3374 343 3439 uolgari
361 3372 479 3440 (uolgari
496 3375 590 3424 ordine
603 3374 659 3423 nisi
677 3373 749 3438 quod
762 3372 912 3436 Thyestem
928 3370 1012 3418 inter-

60 3447 181 3507 poneret
198 3446 264 3492 unte
279 3443 362 3492 Herc.
380 3458 404 3492 11
425 3443 606 3508 inscriptione
625 3441 745 3492 fortasse
764 3436 916 3501 conmotus)
935 3440 1012 3484 tren-

59 3510 239 3577 scripeiaset,
259 3510 325 3574 quin
338 3508 486 3561 Octauiam
497 3509 580 3561 titulo
594 3509 708 3560 adderet
719 3508 813 3558 facere
826 3520 881 3556 non
893 3507 1014 3570 poterat.
