<?xml version="1.0" encoding="UTF-8"?>
<!DOCTYPE html PUBLIC "-//W3C//DTD XHTML 1.0 Transitional//EN"
    "http://www.w3.org/TR/xhtml1/DTD/xhtml1-transitional.dtd">
<html xmlns="http://www.w3.org/1999/xhtml" xml:lang="en" lang="en">
 <head>
  <title>
</title>
<meta http-equiv="Content-Type" content="text/html;charset=utf-8" />
  <meta name='ocr-system' content='tesseract 3.04.00' />
  <meta name='ocr-capabilities' content='ocr_page ocr_carea ocr_par ocr_line ocrx_word'/>
</head>
<body>
  <div class='ocr_page' id='page_1' title='image "./lannaeisenecaet00senegoog_0428.png"; bbox 0 0 2326 3922; ppageno 0'>
   <div class='ocr_carea' id='block_1_1' title="bbox 338 182 1016 265">
    <p class='ocr_par' dir='ltr' id='par_1_1' title="bbox 338 182 1016 265">
     <span class='ocr_line' id='line_1_1' title="bbox 338 182 1016 265; baseline -0.006 -21"><span class='ocrx_word' id='word_1_1' title='bbox 338 195 520 246; x_wconf 74' lang='lat' dir='ltr'><strong>nrrevsas</strong></span> <span class='ocrx_word' id='word_1_2' title='bbox 537 183 726 265; x_wconf 79' lang='lat' dir='ltr'><strong>[oaraavs]</strong></span> <span class='ocrx_word' id='word_1_3' title='bbox 928 182 993 247; x_wconf 81' lang='lat'><strong>375</strong></span> <span class='ocrx_word' id='word_1_4' title='bbox 1009 229 1016 240; x_wconf 88' lang='lat'><strong>.</strong></span> 
     </span>
    </p>
   </div>
   <div class='ocr_carea' id='block_1_2' title="bbox 116 335 700 754">
    <p class='ocr_par' dir='ltr' id='par_1_2' title="bbox 116 335 576 400">
     <span class='ocr_line' id='line_1_2' title="bbox 116 335 576 400; baseline -0.007 0"><span class='ocrx_word' id='word_1_5' title='bbox 116 338 165 400; x_wconf 91' lang='lat' dir='ltr'><strong>uel</strong></span> <span class='ocrx_word' id='word_1_6' title='bbox 180 341 211 400; x_wconf 90' lang='lat' dir='ltr'><strong>in</strong></span> <span class='ocrx_word' id='word_1_7' title='bbox 228 339 337 399; x_wconf 86' lang='lat' dir='ltr'><strong>ederas</strong></span> <span class='ocrx_word' id='word_1_8' title='bbox 352 335 444 397; x_wconf 86' lang='lat' dir='ltr'><strong>tollite</strong></span> <span class='ocrx_word' id='word_1_9' title='bbox 460 336 576 397; x_wconf 84' lang='lat' dir='ltr'><strong>siluas</strong></span> 
     </span>
    </p>

    <p class='ocr_par' dir='ltr' id='par_1_3' title="bbox 117 420 547 502">
     <span class='ocr_line' id='line_1_3' title="bbox 117 420 547 502; baseline -0.009 -18"><span class='ocrx_word' id='word_1_10' title='bbox 117 423 212 502; x_wconf 85' lang='lat' dir='ltr'><strong>qualis</strong></span> <span class='ocrx_word' id='word_1_11' title='bbox 226 430 327 483; x_wconf 88' lang='lat' dir='ltr'><strong>natum</strong></span> <span class='ocrx_word' id='word_1_12' title='bbox 343 420 455 482; x_wconf 88' lang='lat' dir='ltr'><strong>daulias</strong></span> <span class='ocrx_word' id='word_1_13' title='bbox 471 421 547 482; x_wconf 89' lang='lat' dir='ltr'><strong>ales</strong></span> 
     </span>
    </p>

    <p class='ocr_par' dir='ltr' id='par_1_4' title="bbox 116 506 700 754">
     <span class='ocr_line' id='line_1_4' title="bbox 116 506 617 570; baseline -0.01 0"><span class='ocrx_word' id='word_1_14' title='bbox 116 508 191 570; x_wconf 88' lang='lat' dir='ltr'><strong>solet</strong></span> <span class='ocrx_word' id='word_1_15' title='bbox 206 509 326 569; x_wconf 89' lang='lat' dir='ltr'><strong>ismaria</strong></span> <span class='ocrx_word' id='word_1_16' title='bbox 342 506 415 567; x_wconf 88' lang='lat' dir='ltr'><strong>llere</strong></span> <span class='ocrx_word' id='word_1_17' title='bbox 430 506 485 566; x_wconf 87' lang='lat' dir='ltr'><strong>sub</strong></span> <span class='ocrx_word' id='word_1_18' title='bbox 502 506 617 568; x_wconf 87' lang='lat' dir='ltr'><strong>umbra.</strong></span> 
     </span>
     <span class='ocr_line' id='line_1_5' title="bbox 117 591 650 669; baseline -0.004 -17"><span class='ocrx_word' id='word_1_19' title='bbox 117 594 270 653; x_wconf 84' lang='lat' dir='ltr'><strong>formam</strong></span> <span class='ocrx_word' id='word_1_20' title='bbox 286 591 416 652; x_wconf 83' lang='lat' dir='ltr'><strong>lacrimis</strong></span> <span class='ocrx_word' id='word_1_21' title='bbox 432 598 559 669; x_wconf 88' lang='lat' dir='ltr'><strong>aptate</strong></span> <span class='ocrx_word' id='word_1_22' title='bbox 575 593 650 651; x_wconf 92' lang='lat' dir='ltr'><strong>meis</strong></span> 
     </span>
     <span class='ocr_line' id='line_1_6' title="bbox 116 675 700 754; baseline -0.005 -17"><span class='ocrx_word' id='word_1_23' title='bbox 116 684 325 754; x_wconf 83' lang='lat' dir='ltr'><strong>resonetque</strong></span> <span class='ocrx_word' id='word_1_24' title='bbox 343 675 425 736; x_wconf 92' lang='lat' dir='ltr'><strong>malis</strong></span> <span class='ocrx_word' id='word_1_25' title='bbox 441 693 545 753; x_wconf 85' lang='lat' dir='ltr'><strong>aspera</strong></span> <span class='ocrx_word' id='word_1_26' title='bbox 561 675 700 750; x_wconf 75' lang='lat' dir='ltr'>Trachin,</span> 
     </span>
    </p>
   </div>
   <div class='ocr_carea' id='block_1_3' title="bbox 53 844 756 1854">
    <p class='ocr_par' dir='ltr' id='par_1_5' title="bbox 53 844 756 1854">
     <span class='ocr_line' id='line_1_7' title="bbox 53 844 701 925; baseline -0.005 -18"><span class='ocrx_word' id='word_1_27' title='bbox 53 844 70 863; x_wconf 90' lang='lat'><strong>&#39;&#39;</strong></span> <span class='ocrx_word' id='word_1_28' title='bbox 163 846 285 925; x_wconf 81' lang='lat' dir='ltr'><strong>Cyprias</strong></span> <span class='ocrx_word' id='word_1_29' title='bbox 299 844 436 905; x_wconf 82' lang='lat' dir='ltr'><strong>lacrimas</strong></span> <span class='ocrx_word' id='word_1_30' title='bbox 451 844 570 923; x_wconf 82' lang='lat' dir='ltr'><strong>Myrrha</strong></span> <span class='ocrx_word' id='word_1_31' title='bbox 587 852 701 913; x_wconf 86' lang='lat' dir='ltr'><strong>tuetur,</strong></span> 
     </span>
     <span class='ocr_line' id='line_1_8' title="bbox 115 930 671 1009; baseline -0.007 -19"><span class='ocrx_word' id='word_1_32' title='bbox 115 938 232 1009; x_wconf 86' lang='lat' dir='ltr'><strong>raptum</strong></span> <span class='ocrx_word' id='word_1_33' title='bbox 250 931 379 990; x_wconf 81' lang='lat' dir='ltr'><strong>coniunx</strong></span> <span class='ocrx_word' id='word_1_34' title='bbox 395 930 488 1008; x_wconf 77' lang='lat' dir='ltr'><strong>Ceyca</strong></span> <span class='ocrx_word' id='word_1_35' title='bbox 505 930 610 1008; x_wconf 85' lang='lat' dir='ltr'><strong>gemit,</strong></span> <span class='ocrx_word' id='word_1_36' title='bbox 666 965 671 975; x_wconf 87' lang='lat'><strong>·</strong></span> 
     </span>
     <span class='ocr_line' id='line_1_9' title="bbox 115 1013 648 1093; baseline -0.006 -18"><span class='ocrx_word' id='word_1_37' title='bbox 115 1014 171 1076; x_wconf 89' lang='lat' dir='ltr'><strong>sihi</strong></span> <span class='ocrx_word' id='word_1_38' title='bbox 186 1013 317 1075; x_wconf 85' lang='lat' dir='ltr'><strong>Tantalis</strong></span> <span class='ocrx_word' id='word_1_39' title='bbox 330 1022 375 1074; x_wconf 91' lang='lat' dir='ltr'><strong>est</strong></span> <span class='ocrx_word' id='word_1_40' title='bbox 389 1015 465 1074; x_wconf 86' lang='lat' dir='ltr'><strong>laeta</strong></span> <span class='ocrx_word' id='word_1_41' title='bbox 481 1023 648 1093; x_wconf 86' lang='lat' dir='ltr'><strong>superstes,</strong></span> 
     </span>
     <span class='ocr_line' id='line_1_10' title="bbox 116 1097 568 1176; baseline -0.002 -18"><span class='ocrx_word' id='word_1_42' title='bbox 116 1100 192 1176; x_wconf 84' lang='lat' dir='ltr'><strong>fugit</strong></span> <span class='ocrx_word' id='word_1_43' title='bbox 205 1099 306 1159; x_wconf 91' lang='lat' dir='ltr'><strong>uultus</strong></span> <span class='ocrx_word' id='word_1_44' title='bbox 320 1097 483 1159; x_wconf 86' lang='lat' dir='ltr'><strong>Philomela</strong></span> <span class='ocrx_word' id='word_1_45' title='bbox 498 1116 568 1160; x_wconf 87' lang='lat' dir='ltr'><strong>suos</strong></span> 
     </span>
     <span class='ocr_line' id='line_1_11' title="bbox 116 1182 638 1262; baseline -0.002 -17"><span class='ocrx_word' id='word_1_46' title='bbox 116 1193 276 1262; x_wconf 88' lang='lat' dir='ltr'><strong>natumque</strong></span> <span class='ocrx_word' id='word_1_47' title='bbox 291 1201 354 1242; x_wconf 90' lang='lat' dir='ltr'><strong>son</strong></span> <span class='ocrx_word' id='word_1_48' title='bbox 364 1190 399 1242; x_wconf 93' lang='lat' dir='ltr'><strong>at</strong></span> <span class='ocrx_word' id='word_1_49' title='bbox 413 1182 520 1244; x_wconf 79' lang='lat' dir='ltr'><strong>flebitis</strong></span> <span class='ocrx_word' id='word_1_50' title='bbox 533 1182 638 1244; x_wconf 77' lang='lat' dir='ltr'><strong>Atthis.</strong></span> 
     </span>
     <span class='ocr_line' id='line_1_12' title="bbox 116 1267 397 1328; baseline -0.004 0"><span class='ocrx_word' id='word_1_51' title='bbox 116 1287 170 1328; x_wconf 86' lang='lat' dir='ltr'><strong>eur</strong></span> <span class='ocrx_word' id='word_1_52' title='bbox 186 1287 251 1328; x_wconf 89' lang='lat' dir='ltr'><strong>mea</strong></span> <span class='ocrx_word' id='word_1_53' title='bbox 265 1267 397 1328; x_wconf 86' lang='lat' dir='ltr'><strong>nendum</strong></span> 
     </span>
     <span class='ocr_line' id='line_1_13' title="bbox 115 1351 691 1432; baseline 0 -20"><span class='ocrx_word' id='word_1_54' title='bbox 115 1355 235 1430; x_wconf 81' lang='lat' dir='ltr'><strong>capiunt</strong></span> <span class='ocrx_word' id='word_1_55' title='bbox 249 1351 386 1413; x_wconf 81' lang='lat' dir='ltr'><strong>uolucres</strong></span> <span class='ocrx_word' id='word_1_56' title='bbox 402 1351 541 1412; x_wconf 86' lang='lat' dir='ltr'><strong>bracchia</strong></span> <span class='ocrx_word' id='word_1_57' title='bbox 557 1352 691 1432; x_wconf 79' lang='lat' dir='ltr'><strong>plumas?</strong></span> 
     </span>
     <span class='ocr_line' id='line_1_14' title="bbox 114 1435 269 1498; baseline 0.006 -2"><span class='ocrx_word' id='word_1_58' title='bbox 114 1435 185 1498; x_wconf 74' lang='lat' dir='ltr'><strong>ielis</strong></span> <span class='ocrx_word' id='word_1_59' title='bbox 200 1435 269 1497; x_wconf 83' lang='lat' dir='ltr'><strong>lelix</strong></span> 
     </span>
     <span class='ocr_line' id='line_1_15' title="bbox 115 1520 663 1582; baseline -0.002 -1"><span class='ocrx_word' id='word_1_60' title='bbox 115 1540 183 1581; x_wconf 86' lang='lat' dir='ltr'><strong>cum</strong></span> <span class='ocrx_word' id='word_1_61' title='bbox 200 1520 296 1581; x_wconf 91' lang='lat' dir='ltr'><strong>silua</strong></span> <span class='ocrx_word' id='word_1_62' title='bbox 313 1521 418 1582; x_wconf 82' lang='lat' dir='ltr'><strong>domus</strong></span> <span class='ocrx_word' id='word_1_63' title='bbox 433 1530 534 1582; x_wconf 86' lang='lat' dir='ltr'><strong>nestra</strong></span> <span class='ocrx_word' id='word_1_64' title='bbox 550 1523 663 1582; x_wconf 88' lang='lat' dir='ltr'><strong>leretur</strong></span> 
     </span>
     <span class='ocr_line' id='line_1_16' title="bbox 114 1605 619 1685; baseline -0.002 -18"><span class='ocrx_word' id='word_1_65' title='bbox 114 1607 270 1685; x_wconf 87' lang='lat' dir='ltr'><strong>patrioque</strong></span> <span class='ocrx_word' id='word_1_66' title='bbox 285 1605 391 1668; x_wconf 88' lang='lat' dir='ltr'><strong>sedens</strong></span> <span class='ocrx_word' id='word_1_67' title='bbox 407 1605 485 1666; x_wconf 91' lang='lat' dir='ltr'><strong>ales</strong></span> <span class='ocrx_word' id='word_1_68' title='bbox 502 1608 531 1666; x_wconf 90' lang='lat' dir='ltr'><strong>in</strong></span> <span class='ocrx_word' id='word_1_69' title='bbox 548 1625 619 1682; x_wconf 83' lang='lat' dir='ltr'><strong>agro</strong></span> 
     </span>
     <span class='ocr_line' id='line_1_17' title="bbox 114 1690 652 1770; baseline 0 -21"><span class='ocrx_word' id='word_1_70' title='bbox 114 1690 242 1756; x_wconf 85' lang='lat' dir='ltr'><strong>referam</strong></span> <span class='ocrx_word' id='word_1_71' title='bbox 258 1690 383 1770; x_wconf 88' lang='lat' dir='ltr'><strong>querulo</strong></span> <span class='ocrx_word' id='word_1_72' title='bbox 399 1709 552 1752; x_wconf 88' lang='lat' dir='ltr'><strong>murmure</strong></span> <span class='ocrx_word' id='word_1_73' title='bbox 568 1708 652 1750; x_wconf 84' lang='lat' dir='ltr'><strong>casus</strong></span> 
     </span>
     <span class='ocr_line' id='line_1_18' title="bbox 113 1773 756 1854; baseline -0.002 -19"><span class='ocrx_word' id='word_1_74' title='bbox 113 1773 383 1853; x_wconf 72' lang='lat' dir='ltr'><strong>[relueremque</strong></span> <span class='ocrx_word' id='word_1_75' title='bbox 398 1775 500 1837; x_wconf 88' lang='lat' dir='ltr'><strong>lolen</strong></span> <span class='ocrx_word' id='word_1_76' title='bbox 516 1775 593 1836; x_wconf 89' lang='lat' dir='ltr'><strong>lama</strong></span> <span class='ocrx_word' id='word_1_77' title='bbox 610 1775 756 1854; x_wconf 83' lang='lat' dir='ltr'><strong>loquetur.</strong></span> 
     </span>
    </p>
   </div>
   <div class='ocr_carea' id='block_1_4' title="bbox 160 1943 299 2004">
    <p class='ocr_par' dir='ltr' id='par_1_6' title="bbox 160 1943 299 2004">
     <span class='ocr_line' id='line_1_19' title="bbox 160 1943 299 2004; baseline 0.014 -3"><span class='ocrx_word' id='word_1_78' title='bbox 160 1943 223 2003; x_wconf 88' lang='lat' dir='ltr'><strong>Vidi</strong></span> <span class='ocrx_word' id='word_1_79' title='bbox 238 1943 299 2004; x_wconf 82' lang='lat' dir='ltr'><strong>uidi</strong></span> 
     </span>
    </p>
   </div>
   <div class='ocr_carea' id='block_1_5' title="bbox 113 2027 679 2444">
    <p class='ocr_par' dir='ltr' id='par_1_7' title="bbox 114 2027 647 2191">
     <span class='ocr_line' id='line_1_20' title="bbox 114 2027 647 2104; baseline 0.002 -17"><span class='ocrx_word' id='word_1_80' title='bbox 114 2027 282 2088; x_wconf 90' lang='lat' dir='ltr'><strong>miseranda</strong></span> <span class='ocrx_word' id='word_1_81' title='bbox 298 2030 356 2088; x_wconf 83' lang='lat' dir='ltr'><strong>mei</strong></span> <span class='ocrx_word' id='word_1_82' title='bbox 372 2028 446 2088; x_wconf 88' lang='lat' dir='ltr'><strong>iata</strong></span> <span class='ocrx_word' id='word_1_83' title='bbox 462 2029 647 2104; x_wconf 85' lang='lat' dir='ltr'><strong>parentis,</strong></span> 
     </span>
     <span class='ocr_line' id='line_1_21' title="bbox 115 2111 549 2191; baseline 0.005 -21"><span class='ocrx_word' id='word_1_84' title='bbox 115 2130 182 2171; x_wconf 76' lang='lat' dir='ltr'><strong>erim</strong></span> <span class='ocrx_word' id='word_1_85' title='bbox 199 2111 315 2173; x_wconf 85' lang='lat' dir='ltr'><strong>letifero</strong></span> <span class='ocrx_word' id='word_1_86' title='bbox 331 2115 431 2191; x_wconf 79' lang='lat' dir='ltr'><strong>stipite</strong></span> <span class='ocrx_word' id='word_1_87' title='bbox 446 2112 549 2190; x_wconf 88' lang='lat' dir='ltr'><strong>pulsus</strong></span> 
     </span>
    </p>

    <p class='ocr_par' dir='ltr' id='par_1_8' title="bbox 114 2198 549 2274">
     <span class='ocr_line' id='line_1_22' title="bbox 114 2198 549 2274; baseline 0.002 -18"><span class='ocrx_word' id='word_1_88' title='bbox 114 2205 173 2256; x_wconf 91' lang='lat' dir='ltr'><strong>tota</strong></span> <span class='ocrx_word' id='word_1_89' title='bbox 190 2198 278 2257; x_wconf 88' lang='lat' dir='ltr'><strong>iacuit</strong></span> <span class='ocrx_word' id='word_1_90' title='bbox 293 2214 413 2274; x_wconf 88' lang='lat' dir='ltr'><strong>sparsus</strong></span> <span class='ocrx_word' id='word_1_91' title='bbox 428 2198 457 2256; x_wconf 87' lang='lat' dir='ltr'><strong>in</strong></span> <span class='ocrx_word' id='word_1_92' title='bbox 474 2198 549 2258; x_wconf 90' lang='lat' dir='ltr'><strong>aula.</strong></span> 
     </span>
    </p>

    <p class='ocr_par' dir='ltr' id='par_1_9' title="bbox 113 2280 679 2444">
     <span class='ocr_line' id='line_1_23' title="bbox 114 2280 624 2359; baseline 0.004 -19"><span class='ocrx_word' id='word_1_93' title='bbox 114 2299 170 2359; x_wconf 83' lang='lat' dir='ltr'><strong>pro</strong></span> <span class='ocrx_word' id='word_1_94' title='bbox 185 2283 210 2340; x_wconf 92' lang='lat' dir='ltr'><strong>si</strong></span> <span class='ocrx_word' id='word_1_95' title='bbox 226 2282 368 2342; x_wconf 88' lang='lat' dir='ltr'><strong>tumulum</strong></span> <span class='ocrx_word' id='word_1_96' title='bbox 382 2280 444 2342; x_wconf 81' lang='lat' dir='ltr'><strong>iata</strong></span> <span class='ocrx_word' id='word_1_97' title='bbox 460 2283 624 2352; x_wconf 80' lang='lat' dir='ltr'><strong>dedissent,</strong></span> 
     </span>
     <span class='ocr_line' id='line_1_24' title="bbox 113 2365 679 2444; baseline 0.004 -19"><span class='ocrx_word' id='word_1_98' title='bbox 113 2368 251 2444; x_wconf 88' lang='lat' dir='ltr'><strong>quotiens</strong></span> <span class='ocrx_word' id='word_1_99' title='bbox 266 2368 383 2443; x_wconf 85' lang='lat' dir='ltr'><strong>genitor</strong></span> <span class='ocrx_word' id='word_1_100' title='bbox 400 2365 588 2443; x_wconf 86' lang='lat' dir='ltr'><strong>quaerendus</strong></span> <span class='ocrx_word' id='word_1_101' title='bbox 605 2385 679 2427; x_wconf 89' lang='lat' dir='ltr'><strong>eras.</strong></span> 
     </span>
    </p>
   </div>
   <div class='ocr_carea' id='block_1_6' title="bbox 52 2535 649 2696">
    <p class='ocr_par' dir='ltr' id='par_1_10' title="bbox 52 2535 649 2696">
     <span class='ocr_line' id='line_1_25' title="bbox 52 2535 649 2613; baseline 0.002 -19"><span class='ocrx_word' id='word_1_102' title='bbox 52 2539 59 2558; x_wconf 90' lang='lat'><em>&#39;</em></span> <span class='ocrx_word' id='word_1_103' title='bbox 159 2535 283 2596; x_wconf 86' lang='lat' dir='ltr'><strong>Petuine</strong></span> <span class='ocrx_word' id='word_1_104' title='bbox 298 2543 377 2596; x_wconf 91' lang='lat' dir='ltr'><strong>tuam</strong></span> <span class='ocrx_word' id='word_1_105' title='bbox 394 2543 529 2613; x_wconf 84' lang='lat' dir='ltr'><strong>spectare</strong></span> <span class='ocrx_word' id='word_1_106' title='bbox 545 2554 649 2596; x_wconf 84' lang='lat' dir='ltr'><strong>necem</strong></span> 
     </span>
     <span class='ocr_line' id='line_1_26' title="bbox 112 2619 608 2696; baseline 0 -17"><span class='ocrx_word' id='word_1_107' title='bbox 112 2619 245 2680; x_wconf 89' lang='lat' dir='ltr'><strong>nondum</strong></span> <span class='ocrx_word' id='word_1_108' title='bbox 261 2628 378 2681; x_wconf 87' lang='lat' dir='ltr'><strong>teneras</strong></span> <span class='ocrx_word' id='word_1_109' title='bbox 394 2622 499 2681; x_wconf 84' lang='lat' dir='ltr'><strong>uestite</strong></span> <span class='ocrx_word' id='word_1_110' title='bbox 516 2637 608 2696; x_wconf 84' lang='lat' dir='ltr'><strong>genas</strong></span> 
     </span>
    </p>
   </div>
   <div class='ocr_carea' id='block_1_7' title="bbox 67 2830 276 2841">
    <p class='ocr_par' dir='ltr' id='par_1_11' title="bbox 67 2830 276 2841">
     <span class='ocr_line' id='line_1_27' title="bbox 67 2830 276 2841; baseline -0.01 0"><span class='ocrx_word' id='word_1_111' title='bbox 67 2830 276 2841; x_wconf 81' lang='lat'><strong>...-.-—-—--</strong></span> 
     </span>
    </p>
   </div>
   <div class='ocr_carea' id='block_1_8' title="bbox 56 2963 990 3179">
    <p class='ocr_par' dir='ltr' id='par_1_12' title="bbox 56 2963 990 3179">
     <span class='ocr_line' id='line_1_28' title="bbox 56 2963 990 3043; baseline 0.002 -18"><span class='ocrx_word' id='word_1_112' title='bbox 56 2963 68 2979; x_wconf 77' lang='grc'><strong><em>’</em></strong></span> <span class='ocrx_word' id='word_1_113' title='bbox 138 2977 188 3026; x_wconf 77' lang='lat'><strong>192</strong></span> <span class='ocrx_word' id='word_1_114' title='bbox 212 2975 327 3027; x_wconf 81' lang='lat' dir='ltr'><strong>edomas</strong></span> <span class='ocrx_word' id='word_1_115' title='bbox 344 2975 396 3025; x_wconf 84' lang='lat' dir='ltr'><strong>EA</strong></span> <span class='ocrx_word' id='word_1_116' title='bbox 427 2973 530 3025; x_wconf 78' lang='lat' dir='ltr'><strong>edorres</strong></span> <span class='ocrx_word' id='word_1_117' title='bbox 548 2976 602 3026; x_wconf 86' lang='lat' dir='ltr'><strong>Et.</strong></span> <span class='ocrx_word' id='word_1_118' title='bbox 619 2980 696 3029; x_wconf 81' lang='lat' dir='ltr'><strong>Gran.</strong></span> <span class='ocrx_word' id='word_1_119' title='bbox 726 2974 738 3043; x_wconf 77' lang='lat' dir='ltr'><strong>ll</strong></span> <span class='ocrx_word' id='word_1_120' title='bbox 766 2977 904 3043; x_wconf 78' lang='lat' dir='ltr'><strong>ponitelt&#39;</strong></span> <span class='ocrx_word' id='word_1_121' title='bbox 936 2977 990 3027; x_wconf 90' lang='lat' dir='ltr'><strong>tol·</strong></span> 
     </span>
     <span class='ocr_line' id='line_1_29' title="bbox 65 3038 989 3112; baseline 0.001 -19"><span class='ocrx_word' id='word_1_122' title='bbox 65 3042 118 3094; x_wconf 89' lang='lat' dir='ltr'><strong>lite</strong></span> <span class='ocrx_word' id='word_1_123' title='bbox 138 3045 163 3093; x_wconf 92' lang='lat' dir='ltr'><em>A</em></span> <span class='ocrx_word' id='word_1_124' title='bbox 186 3038 199 3108; x_wconf 81' lang='grc'><strong>[1</strong></span> <span class='ocrx_word' id='word_1_125' title='bbox 223 3046 272 3094; x_wconf 86' lang='grc'><strong>193</strong></span> <span class='ocrx_word' id='word_1_126' title='bbox 292 3042 400 3094; x_wconf 84' lang='lat' dir='ltr'><strong>daulias</strong></span> <span class='ocrx_word' id='word_1_127' title='bbox 418 3043 470 3093; x_wconf 86' lang='lat' dir='ltr'><strong>EA</strong></span> <span class='ocrx_word' id='word_1_128' title='bbox 489 3041 606 3095; x_wconf 79' lang='lat' dir='ltr'><strong>dauniae</strong></span> <span class='ocrx_word' id='word_1_129' title='bbox 624 3054 647 3109; x_wconf 78' lang='grc' dir='ltr'><em>ψ</em></span> <span class='ocrx_word' id='word_1_130' title='bbox 668 3041 679 3112; x_wconf 75' lang='lat' dir='ltr'><strong>ll</strong></span> <span class='ocrx_word' id='word_1_131' title='bbox 705 3047 752 3095; x_wconf 75' lang='lat'><strong>197</strong></span> <span class='ocrx_word' id='word_1_132' title='bbox 772 3045 875 3111; x_wconf 82' lang='lat' dir='ltr'><strong>Cypria</strong></span> <span class='ocrx_word' id='word_1_133' title='bbox 893 3045 918 3094; x_wconf 87' lang='lat' dir='ltr'><em>E</em></span> <span class='ocrx_word' id='word_1_134' title='bbox 937 3045 989 3110; x_wconf 82' lang='lat' dir='ltr'><strong>Cy-</strong></span> 
     </span>
     <span class='ocr_line' id='line_1_30' title="bbox 67 3107 986 3179; baseline 0.002 -17"><span class='ocrx_word' id='word_1_135' title='bbox 67 3112 145 3177; x_wconf 80' lang='lat' dir='ltr'><strong>prias</strong></span> <span class='ocrx_word' id='word_1_136' title='bbox 156 3112 181 3160; x_wconf 90' lang='lat' dir='ltr'><em>A</em></span> <span class='ocrx_word' id='word_1_137' title='bbox 195 3107 208 3178; x_wconf 80' lang='grc' dir='ltr'><strong>ΙΙ</strong></span> <span class='ocrx_word' id='word_1_138' title='bbox 218 3111 328 3176; x_wconf 85' lang='lat' dir='ltr'><strong>myrtha</strong></span> <span class='ocrx_word' id='word_1_139' title='bbox 339 3111 365 3160; x_wconf 86' lang='lat' dir='ltr'><em>E</em></span> <span class='ocrx_word' id='word_1_140' title='bbox 376 3107 390 3177; x_wconf 79' lang='lat' dir='ltr'><strong>ll</strong></span> <span class='ocrx_word' id='word_1_141' title='bbox 400 3113 450 3161; x_wconf 80' lang='lat'><strong>200</strong></span> <span class='ocrx_word' id='word_1_142' title='bbox 462 3111 593 3176; x_wconf 85' lang='lat' dir='ltr'><strong>fylomela</strong></span> <span class='ocrx_word' id='word_1_143' title='bbox 606 3113 631 3162; x_wconf 87' lang='lat' dir='ltr'><em>E</em></span> <span class='ocrx_word' id='word_1_144' title='bbox 643 3113 802 3179; x_wconf 88' lang='lat' dir='ltr'><strong>philomene</strong></span> <span class='ocrx_word' id='word_1_145' title='bbox 815 3122 838 3178; x_wconf 78' lang='grc' dir='ltr'><strong><em>ψ</em></strong></span> <span class='ocrx_word' id='word_1_146' title='bbox 852 3129 922 3164; x_wconf 82' lang='lat' dir='ltr'><strong>corr.</strong></span> <span class='ocrx_word' id='word_1_147' title='bbox 936 3131 954 3164; x_wconf 86' lang='lat' dir='ltr'><strong>ec</strong></span> <span class='ocrx_word' id='word_1_148' title='bbox 974 3114 986 3175; x_wconf 80' lang='lat' dir='ltr'><strong>ll</strong></span> 
     </span>
    </p>
   </div>
   <div class='ocr_carea' id='block_1_9' title="bbox 67 3190 987 3555">
    <p class='ocr_par' dir='ltr' id='par_1_13' title="bbox 67 3190 987 3555">
     <span class='ocr_line' id='line_1_31' title="bbox 68 3190 987 3281; baseline -0.002 -16"><span class='ocrx_word' id='word_1_149' title='bbox 68 3214 117 3265; x_wconf 77' lang='lat'><strong>201</strong></span> <span class='ocrx_word' id='word_1_150' title='bbox 143 3212 229 3264; x_wconf 78' lang='lat' dir='ltr'><strong>atthis</strong></span> <span class='ocrx_word' id='word_1_151' title='bbox 247 3214 328 3264; x_wconf 84' lang='lat' dir='ltr'><strong>Et</strong></span> <span class='ocrx_word' id='word_1_152' title='bbox 301 3214 373 3276; x_wconf 84' lang='lat' dir='ltr'><strong>Itym</strong></span> <span class='ocrx_word' id='word_1_153' title='bbox 391 3214 416 3262; x_wconf 97' lang='lat' dir='ltr'><em>A</em></span> <span class='ocrx_word' id='word_1_154' title='bbox 445 3208 458 3274; x_wconf 85' lang='grc' dir='ltr'>Η</span> <span class='ocrx_word' id='word_1_155' title='bbox 487 3215 536 3264; x_wconf 80' lang='grc'><strong>206</strong></span> <span class='ocrx_word' id='word_1_156' title='bbox 555 3190 679 3281; x_wconf 78' lang='lat' dir='ltr'><strong>aedesE</strong></span> <span class='ocrx_word' id='word_1_157' title='bbox 708 3210 719 3279; x_wconf 79' lang='grc' dir='ltr'><strong>ΙΙ</strong></span> <span class='ocrx_word' id='word_1_158' title='bbox 752 3217 801 3266; x_wconf 79' lang='lat'><strong>207</strong></span> <span class='ocrx_word' id='word_1_159' title='bbox 821 3230 902 3265; x_wconf 84' lang='lat' dir='ltr'><strong>casus</strong></span> <span class='ocrx_word' id='word_1_160' title='bbox 921 3214 987 3263; x_wconf 73' lang='grc' dir='ltr'><strong>ΕΕΕ</strong></span> 
     </span>
     <span class='ocr_line' id='line_1_32' title="bbox 68 3281 986 3348; baseline 0 -18"><span class='ocrx_word' id='word_1_161' title='bbox 68 3286 184 3346; x_wconf 77' lang='lat' dir='ltr'><strong>questus</strong></span> <span class='ocrx_word' id='word_1_162' title='bbox 202 3283 228 3332; x_wconf 88' lang='lat' dir='ltr'><em>A</em></span> <span class='ocrx_word' id='word_1_163' title='bbox 249 3283 261 3348; x_wconf 82' lang='grc' dir='ltr'>Η</span> <span class='ocrx_word' id='word_1_164' title='bbox 280 3282 331 3332; x_wconf 78' lang='lat'><strong>208</strong></span> <span class='ocrx_word' id='word_1_165' title='bbox 348 3282 424 3331; x_wconf 86' lang='lat' dir='ltr'><strong>fama</strong></span> <span class='ocrx_word' id='word_1_166' title='bbox 442 3281 494 3328; x_wconf 89' lang='grc' dir='ltr'><em>Ε</em></span> <span class='ocrx_word' id='word_1_167' title='bbox 501 3283 527 3330; x_wconf 82' lang='lat' dir='ltr'><strong>in</strong></span> <span class='ocrx_word' id='word_1_168' title='bbox 544 3288 613 3332; x_wconf 86' lang='lat' dir='ltr'><strong>mea’</strong></span> <span class='ocrx_word' id='word_1_169' title='bbox 633 3283 739 3345; x_wconf 80' lang='lat' dir='ltr'><strong>Lipsius</strong></span> <span class='ocrx_word' id='word_1_170' title='bbox 762 3282 842 3346; x_wconf 76' lang='lat' dir='ltr'><em>(qaod</em></span> <span class='ocrx_word' id='word_1_171' title='bbox 859 3285 891 3332; x_wconf 87' lang='lat' dir='ltr'><strong>de</strong></span> <span class='ocrx_word' id='word_1_172' title='bbox 912 3281 986 3331; x_wconf 77' lang='lat' dir='ltr'><strong>Orto-</strong></span> 
     </span>
     <span class='ocr_line' id='line_1_33' title="bbox 67 3349 985 3416; baseline 0.001 -18"><span class='ocrx_word' id='word_1_173' title='bbox 67 3351 136 3400; x_wconf 80' lang='lat' dir='ltr'><strong>ttane</strong></span> <span class='ocrx_word' id='word_1_174' title='bbox 161 3365 211 3416; x_wconf 83' lang='lat' dir='ltr'><strong>quo</strong></span> <span class='ocrx_word' id='word_1_175' title='bbox 234 3351 310 3400; x_wconf 79' lang='lat' dir='ltr'><strong>etiam</strong></span> <span class='ocrx_word' id='word_1_176' title='bbox 331 3350 520 3414; x_wconf 71' lang='lat' dir='ltr'><strong>Raphelenyius</strong></span> <span class='ocrx_word' id='word_1_177' title='bbox 542 3357 582 3398; x_wconf 83' lang='lat' dir='ltr'><strong>est</strong></span> <span class='ocrx_word' id='word_1_178' title='bbox 603 3366 674 3407; x_wconf 80' lang='lat' dir='ltr'><strong>usus,</strong></span> <span class='ocrx_word' id='word_1_179' title='bbox 698 3366 748 3400; x_wconf 82' lang='lat' dir='ltr'><strong>nen</strong></span> <span class='ocrx_word' id='word_1_180' title='bbox 771 3352 802 3399; x_wconf 81' lang='lat' dir='ltr'><strong>de</strong></span> <span class='ocrx_word' id='word_1_181' title='bbox 826 3349 865 3399; x_wconf 69' lang='lat' dir='ltr'><strong>aa</strong></span> <span class='ocrx_word' id='word_1_182' title='bbox 888 3352 985 3399; x_wconf 82' lang='lat' dir='ltr'><strong>intelle·</strong></span> 
     </span>
     <span class='ocr_line' id='line_1_34' title="bbox 68 3414 987 3484; baseline -0.002 -17"><span class='ocrx_word' id='word_1_183' title='bbox 68 3417 187 3482; x_wconf 62' lang='lat' dir='ltr'><strong>vendam)</strong></span> <span class='ocrx_word' id='word_1_184' title='bbox 205 3417 288 3467; x_wconf 81' lang='lat' dir='ltr'><strong>turbe</strong></span> <span class='ocrx_word' id='word_1_185' title='bbox 306 3419 331 3467; x_wconf 97' lang='lat' dir='ltr'><em>A</em></span> <span class='ocrx_word' id='word_1_186' title='bbox 353 3414 364 3483; x_wconf 81' lang='grc' dir='ltr'><strong>ΙΙ</strong></span> <span class='ocrx_word' id='word_1_187' title='bbox 384 3419 434 3467; x_wconf 80' lang='lat'><strong>210</strong></span> <span class='ocrx_word' id='word_1_188' title='bbox 452 3420 529 3469; x_wconf 82' lang='lat' dir='ltr'><strong>fama</strong></span> <span class='ocrx_word' id='word_1_189' title='bbox 548 3417 572 3465; x_wconf 94' lang='grc' dir='ltr'><em>Ε</em></span> <span class='ocrx_word' id='word_1_190' title='bbox 592 3418 652 3468; x_wconf 85' lang='lat' dir='ltr'><strong>fate</strong></span> <span class='ocrx_word' id='word_1_191' title='bbox 671 3419 695 3467; x_wconf 94' lang='lat' dir='ltr'><em>A</em></span> <span class='ocrx_word' id='word_1_192' title='bbox 713 3414 724 3484; x_wconf 77' lang='lat' dir='ltr'><strong>ll</strong></span> <span class='ocrx_word' id='word_1_193' title='bbox 745 3419 794 3468; x_wconf 75' lang='lat'><strong>‘211</strong></span> <span class='ocrx_word' id='word_1_194' title='bbox 812 3417 943 3468; x_wconf 85' lang='lat' dir='ltr'><strong>laetifero</strong></span> <span class='ocrx_word' id='word_1_195' title='bbox 962 3417 987 3465; x_wconf 88' lang='lat' dir='ltr'><em>E</em></span> 
     </span>
     <span class='ocr_line' id='line_1_35' title="bbox 71 3482 744 3555; baseline 0.004 -22"><span class='ocrx_word' id='word_1_196' title='bbox 71 3482 182 3536; x_wconf 86' lang='lat' dir='ltr'><strong>letifero</strong></span> <span class='ocrx_word' id='word_1_197' title='bbox 201 3485 227 3534; x_wconf 90' lang='lat' dir='ltr'><em>A</em></span> <span class='ocrx_word' id='word_1_198' title='bbox 246 3484 376 3535; x_wconf 80' lang='lat' dir='ltr'><strong>laetifero</strong></span> <span class='ocrx_word' id='word_1_199' title='bbox 395 3485 417 3534; x_wconf 83' lang='lat' dir='ltr'><em>R</em></span> <span class='ocrx_word' id='word_1_200' title='bbox 438 3482 451 3552; x_wconf 76' lang='lat' dir='ltr'><strong>ll</strong></span> <span class='ocrx_word' id='word_1_201' title='bbox 475 3487 524 3534; x_wconf 80' lang='lat'><strong>213</strong></span> <span class='ocrx_word' id='word_1_202' title='bbox 542 3485 596 3536; x_wconf 87' lang='lat' dir='ltr'><strong>Pro</strong></span> <span class='ocrx_word' id='word_1_203' title='bbox 615 3503 662 3540; x_wconf 87' lang='lat' dir='ltr'><strong>om.</strong></span> <span class='ocrx_word' id='word_1_204' title='bbox 682 3486 705 3536; x_wconf 89' lang='grc' dir='ltr'><em>Ε</em></span> <span class='ocrx_word' id='word_1_205' title='bbox 728 3484 744 3555; x_wconf 72' lang='lat' dir='ltr'><strong>ll</strong></span> 
     </span>
    </p>
   </div>
   <div class='ocr_carea' id='block_1_10' title="bbox 0 0 1168 3922">
    <p class='ocr_par' dir='ltr' id='par_1_14' title="bbox 0 0 1168 3922">
     <span class='ocr_line' id='line_1_36' title="bbox 0 0 1168 3922; baseline 0 1"><span class='ocrx_word' id='word_1_206' title='bbox 0 0 1168 3922; x_wconf 95' lang='lat' dir='ltr'><strong> </strong></span> 
     </span>
    </p>
   </div>
  </div>
 </body>
</html>
