2326 3922
449 221 616 267 00000οΑ
658 201 660 205 ’

69 362 262 440 lacrimisque
278 361 378 438 cogis?
401 360 547 438 profugus
563 378 599 420 en
616 362 742 420 coniunx
759 360 842 420 abest

68 452 261 525 praestatque
276 452 384 523 nuptae
400 462 487 523 quam
504 443 579 505 solet
593 444 726 506 Theseus
741 445 839 506 tidem.

32 543 51 590 u
117 531 214 591 Fortis
229 548 283 608 per
299 529 371 589 altas
385 530 458 590 inuii
472 537 556 589 retro
570 528 652 589 lacus
967 537 1093 582 mxvsst

70 616 155 676 uadit
169 614 307 676 tenebras
322 613 406 675 miles
422 613 541 673 audacis
555 617 641 692 proci

70 700 148 760 solio
165 706 197 760 ut
211 699 359 760 reuulsam
375 699 454 775 regis
468 698 576 758 inserui
591 698 750 777 abstrahat,
1010 714 1058 762 100

72 785 171 863 pergit
186 785 296 846 suroris
311 784 417 844 socius.
448 782 527 843 haud
543 781 623 843 iilum
641 785 729 842 timor

72 869 209 947 pudorne
224 870 335 928 tenuit:
362 876 462 944 stupra
479 875 509 927 et
521 865 648 928 inlicitos
663 876 744 928 toros

71 954 241 1014 Acheronte
256 954 286 1012 in
301 955 360 1011 imo
375 953 492 1031 quaerit
506 950 655 1031 Hippolyti
671 961 765 1029 pater.

32 1041 60 1097 b'
120 1038 177 1098 Sed
193 1040 286 1097 maior
303 1036 376 1097 alius
390 1035 510 1096 incubat
525 1044 652 1096 maestae
668 1036 763 1097 dolor.

72 1140 135 1181 nnn
151 1141 198 1182 me
214 1124 299 1201 quies
314 1127 458 1182 nocturna
475 1139 536 1181 non
552 1120 627 1182 altus
642 1139 732 1199 sopor

72 1206 191 1268 soluere
208 1207 302 1266 curis:
318 1204 405 1266 alitur
421 1215 450 1266 et
466 1207 573 1266 crescit
588 1205 697 1266 maium

72 1299 104 1352 et
119 1291 203 1352 ardet
217 1293 296 1351 intus
311 1289 406 1370 qualis
421 1297 544 1351 aetnaeo
561 1308 654 1369 uapor

72 1375 205 1436 exundat
220 1385 314 1449 antro.
344 1374 465 1452 palladis
481 1373 555 1436 telae
570 1382 676 1436 uacant

72 1469 105 1521 et
120 1463 196 1520 inter
211 1462 290 1538 ipsas
306 1477 396 1538 pensa
413 1459 553 1539 labuntur
568 1477 683 1520 manus.

35 1572 51 1605 e
118 1545 183 1604 Non
198 1544 297 1605 coiere
312 1544 396 1604 donis
413 1543 520 1621 templa
537 1545 645 1604 uotiuis
660 1543 741 1611 libet,

71 1648 134 1689 non
151 1631 226 1689 inter
242 1646 307 1690 aras
321 1628 472 1689 Atthidum
488 1629 608 1689 mixtam
624 1629 716 1689 choro

72 1717 184 1774 iactare
202 1715 296 1773 tacitis
312 1715 445 1773 conscias
460 1715 552 1773 sacris
567 1715 646 1774 iaces

72 1816 130 1857 nec
146 1798 228 1858 adire
244 1799 331 1858 castis
347 1797 487 1876 precibus
502 1806 552 1858 aut
566 1799 625 1858 ritu
641 1800 689 1875 pio

72 1882 256 1943 adiudicatae
272 1883 437 1959 praesidem
453 1890 552 1943 terrae
569 1883 670 1943 deam:

71 1969 158 2027 iuuat
173 1969 311 2027 excitatas
326 1968 467 2045 consequi
482 1985 573 2027 cursu
590 1967 668 2027 ieras

72 2059 104 2111 et
118 2052 212 2128 rigida
229 2050 316 2111 molli.
326 2068 414 2128 gaesa
429 2051 551 2112 iaculari
566 2069 665 2112 manu.

33 2137 59 2194 c'
119 2135 184 2206 Quo
200 2136 295 2196 tendis
310 2135 426 2196 anime?
449 2136 518 2215 quid
535 2136 638 2197 furens
653 2135 744 2197 saltus
759 2137 859 2197 amasi

73 2218 162 2280 iatale
177 2221 303 2281 miserae
319 2222 419 2280 matris
436 2238 563 2297 agnosco
580 2220 699 2280 malum.

72 2322 201 2383 peccare
216 2312 318 2365 noster
334 2307 417 2365 nouit
430 2307 461 2364 in
476 2305 557 2366 silvis
572 2323 665 2366 amor.

71 2391 210 2466 genetrix
226 2390 267 2450 tui
282 2407 330 2449 me
344 2391 480 2450 miseret:
503 2390 623 2450 tutando
640 2389 717 2451 malo

72 2481 211 2550 correpta
228 2475 345 2553 pecoris
360 2475 482 2534 efferum
499 2476 580 2534 saeui
595 2474 700 2535 ducem

72 2557 170 2617 audax
186 2560 300 2619 amasti.
331 2565 436 2618 toruus
451 2560 596 2636 inpatiens
611 2561 671 2635 iugi

72 2641 191 2702 adulter
206 2642 254 2703 iile
270 2643 376 2703 ductor
391 2644 525 2704 indomiti
541 2645 649 2722 gregis.

34 2735 54 2784 d
118 2726 176 2786 Sed
192 2726 310 2786 amabat
325 2726 448 2806 aliquid:
474 2730 540 2804 quis
556 2745 637 2787 meas
652 2732 778 2788 miserae
795 2728 867 2788 dens

72 2818 124 2871 aut
140 2812 206 2889 quis
220 2812 324 2872 iuuare
341 2811 485 2872 daedalus
499 2812 634 2872 flammas
649 2813 754 2890 queat?

71 2913 134 2954 non
151 2897 176 2955 si
189 2894 239 2975 ilie
254 2904 369 2957 remeet
384 2907 447 2956 arte
463 2898 617 2976 mopsopia
632 2906 738 2973 potens

71 2981 125 3058 qui
140 2986 241 3040 nostra
258 2999 346 3040 caeca
361 2987 493 3040 monstra
509 2980 654 3041 conclusit
670 2981 771 3050 domo,

71 3066 227 3142 promittat
242 3063 332 3125 ullam
350 3065 465 3126 casibus
482 3067 589 3155 nostris
604 3085 701 3144 opem.

140 3233 175 3282 98
193 3248 317 3298 specus
334 3237 367 3284 ci.
380 3235 456 3284 NHs.
480 3231 491 3301 11
516 3237 564 3285 102
582 3235 723 3300 pudorque
736 3251 757 3284 ω
775 3235 905 3299 pudorne
919 3235 968 3285 Bo.
982 3231 991 3296 11

72 3303 121 3349 111
140 3302 252 3350 mistam
270 3302 361 3360 choris
380 3303 405 3351 Α
424 3304 537 3352 mixtam
557 3304 655 3353 choros
674 3304 699 3352 E
716 3321 785 3356 corr.
806 3304 885 3354 Gron-
905 3297 917 3368 11
942 3303 991 3350 114

70 3367 263 3418 adiudicatum
286 3370 311 3418 A
342 3369 520 3420 adiudicatae
544 3372 587 3422 eli
615 3367 627 3438 11
658 3374 704 3420 121
731 3371 808 3421 efferi
831 3384 946 3421 saeuum
964 3369 989 3418 Α

70 3435 188 3486 efferum
206 3433 422 3504 0000111111ἳὸ
441 3438 544 3488 leuare
563 3441 595 3491 ci.
616 3440 691 3490 NHs.
705 3436 716 3504 11
735 3442 782 3489 127
802 3437 928 3487 conducit
939 3436 965 3484 Ε
982 3434 991 3501 11

71 3505 122 3555 128
134 3505 278 3568 promittet
289 3504 339 3555 ER
356 3507 500 3570 promittat
513 3508 536 3555 Α
561 3504 573 3572 11
