2326 3922
140 194 202 261 114‘
415 213 445 259 1.
470 212 603 260 nunaut
625 213 783 262 3111111313
844 224 847 228 ’

140 352 230 414 unium
246 353 305 412 hoc
320 351 409 412 habet
427 353 543 412 fortuna
559 370 618 430 quo
633 353 743 430 possim
761 356 826 432 capi

138 439 265 498 inuictus
281 435 357 497 aliis:
374 435 435 496 sola
451 444 483 496 tu
498 436 629 497 adlectus
645 445 730 516 potes

139 522 254 583 mollire
270 522 370 589 duros
391 520 452 581 sola
468 521 606 600 pietatem
621 523 651 580 in
666 523 755 582 domo
1078 547 1124 597 310

139 607 247 668 docere
263 615 375 667 nostra.
405 605 445 664 nil
460 622 552 688 graue
567 613 617 665 aut
631 608 773 667 miserum
790 616 834 668 est
848 609 922 668 mihi

140 692 217 770 quod
236 699 262 752 te
278 693 369 750 sciam
386 690 525 751 uoluisse.
544 697 589 773 tu
607 698 748 772 tantum
765 693 922 770 impera:

105 777 128 836 α’
185 776 237 835 1113
254 774 384 853 Oedipus
399 792 506 852 aegaea
522 773 685 835 transnabit
700 776 777 835 lreta

139 859 292 920 iubente
309 867 342 919 te
358 858 550 937 flammasque
567 877 640 937 quas
656 859 749 921 siculo
765 863 858 921 uomit
898 877 900 881 ·

139 945 175 1005 tle
192 951 292 1004 monte
307 943 394 1004 tellus
409 945 513 1020 igneos
528 943 653 1003 uoluens
669 942 781 1022 globos,

140 1030 266 1108 excipiet
282 1047 333 1088 ore
349 1046 440 1106 seque
455 1023 587 1111 serpenti
602 1029 707 1089 offeret

139 1132 213 1192 quae
229 1131 317 1173 saeua
333 1112 411 1194 furto
427 1112 556 1172 nemoris
571 1110 711 1173 herculeo
727 1112 807 1182 lurit,

136 1197 289 1259 iubente
306 1205 339 1257 te
355 1194 510 1276 praebebit
524 1195 643 1258 alitibus
657 1197 749 1267 iecur,

138 1280 509 1343 iubenteteueluiuet.
608 1359 610 1363 Ι
695 1361 697 1366 ,

478 1402 698 1458 a'ae

110 1561 127 1594 a
183 1548 287 1594 uvur.
313 1533 488 1610 Exemplum
503 1537 535 1594 io
550 1536 656 1611 ingens
670 1534 751 1611 regia
766 1536 859 1614 stirpe
874 1535 985 1597 editum
1077 1557 1125 1607 320

138 1618 259 1679 Thebae
274 1625 417 1696 pauentes
433 1629 515 1677 arma
530 1613 662 1678 fraterna
678 1619 819 1679 inuocant

137 1710 302 1782 rogantque
319 1703 403 1762 tectis
420 1719 522 1762 arceas
537 1703 640 1779 patriis
655 1702 744 1763 laces

139 1806 199 1847 non
215 1795 283 1848 sunt
298 1787 404 1855 minae,
422 1787 478 1846 iam
495 1789 618 1866 propius
633 1787 756 1847 accessit
770 1786 891 1849 malum.

99 1873 125 1930 a'
181 1871 254 1932 Nam
271 1889 361 1949 regna
379 1878 516 1949 repetens
532 1871 623 1931 lrater
640 1879 668 1932 et
684 1879 783 1949 pactas
799 1873 881 1932 uioes

138 1957 168 2015 in
184 1955 261 2016 bella
278 1963 399 2017 cunctos
416 1957 557 2017 Graeciae
573 1955 698 2035 populos
714 1955 782 2032 agit,

138 2048 257 2118 septena
275 2059 377 2102 muros
393 2047 488 2100 castra
504 2039 648 2100 thebanos
664 2047 814 2117 premunt.

137 2143 294 2194 succurre,
311 2125 436 2204 prohibe
452 2125 564 2201 pariter
580 2132 608 2185 et
624 2123 734 2185 bellum
751 2132 780 2184 et
795 2124 902 2186 scelus

107 2220 125 2269 b
184 2223 301 2270 ouum.
326 2210 388 2286 Ego
404 2208 453 2269 ille
469 2227 533 2268 sum
550 2210 600 2287 qui
616 2210 728 2269 scelera
745 2210 882 2270 conmitti
897 2217 998 2273 netem

139 2301 168 2354 et
183 2293 324 2357 abstineri
340 2294 483 2371 sanguine
499 2311 514 2352 a
532 2310 601 2352 caro
618 2310 722 2353 manus

138 2378 279 2440 cloccam?
304 2378 444 2456 magister
457 2378 530 2437 iuris
547 2378 700 2438 etamoris
717 2378 757 2455 pii
1075 2400 1124 2449 330

137 2481 192 2540 ego
208 2465 292 2524 sum?
317 2481 451 2523 meorum
469 2460 604 2541 exempla
621 2461 784 2522 facinorum
800 2469 954 2541 appetunt,

137 2566 185 2607 me
202 2566 281 2608 nunc
297 2555 446 2607 secuntur.
471 2546 559 2607 laudo
575 2553 605 2606 et
620 2563 748 2623 agnosco
765 2545 870 2607 libens.

138 2632 293 2701 exhortor,
316 2631 460 2709 aliquid
485 2637 644 2709 utpatre
661 2631 727 2690 hoc
744 2630 895 2709 dignum
913 2641 1054 2710 gerant.

96 2716 123 2775 b'
179 2718 264 2793 Agite
281 2735 297 2774 o
313 2732 445 2792 propago
462 2733 529 2774 cara
546 2732 720 2792 generosam
736 2715 866 2776 indolem

206 2887 255 2934 313
274 2899 361 2947 aegoe
380 2883 405 2932 E
465 2884 590 2932 trenobit
603 2885 627 2932 A
646 2884 806 2933 transnabit
823 2884 873 2934 ER
896 2880 907 2950 Η
931 2887 982 2936 315
1001 2886 1057 2936 331·

135 2967 205 3001 113113
224 2952 275 3000 EA
298 2967 365 3003 corr.
386 2968 403 3000 ot
473 2953 522 3000 316
545 2951 669 3000 1131311131
686 2951 742 3000 EV
761 2951 892 3002 herculeo
910 2953 935 3001 A
964 2948 977 3018 ΙΙ
1006 2956 1059 3005 318

135 3019 249 3068 iubente
268 3023 296 3068 te
315 3020 360 3068 uel
378 3020 456 3068 uiuet
472 3018 522 3083 Εψ
541 3021 568 3068 te
581 3019 627 3067 uel
640 3034 685 3068 om.
701 3035 719 3068 oc
739 3015 750 3084 ll
775 3019 943 3070 Cominuotur
959 3035 1058 3071 scaena

136 3089 162 3135 iu
179 3086 213 3135 E.
248 3087 367 3136 Nuntius
388 3085 484 3151 edipus
503 3085 634 3148 antigone
653 3087 742 3136 Rroo·
777 3087 903 3137 Nuncius
922 3089 1057 3154 antigono

136 3153 252 3219 edippus
274 3155 300 3202 V
317 3154 441 3204 Nunnius
461 3154 576 3218 edippus
594 3155 618 3204 lt
646 3153 766 3204 Nuntius
779 3153 902 3220 Oedipus
913 3155 1058 3220 Antigona

135 3223 247 3271 Iocaste
268 3237 286 3270 3
309 3218 321 3287 ΙΙ
348 3224 398 3271 320
415 3222 497 3272 ΑΝΤ.
518 3221 673 3285 exemplum
692 3221 791 3287 ingens
809 3237 831 3271 r.
852 3225 887 3271 st.
908 3222 1012 3273 editum
1030 3223 1057 3272 Ε

136 3290 290 3355 exemplum
309 3291 407 3354 ingens
424 3290 464 3338 nu
493 3305 521 3339 re
543 3290 572 3338 13
590 3289 675 3353 stirpe
700 3288 773 3339 edite
798 3287 855 3351 (om.
875 3305 917 3338 ex.
938 3291 1010 3356 ing.)
1029 3291 1055 3339 A

137 3373 180 3406 ex.
199 3359 233 3407 in
251 3359 351 3421 ingens
373 3359 404 3405 ei.
424 3358 498 3422 Lips.
524 3305 542 3423 ᾗ
575 3358 624 3406 322
647 3372 696 3405 on:
719 3359 832 3406 3133311
860 3353 873 3423 ΙΙ
906 3358 1057 3408 3251131111

36 3428 39 3433 ’
135 3441 205 3475 corr.
225 3442 260 3476 ex
277 3424 351 3475 bello
370 3422 408 3473 E¹
432 3421 444 3490 Η
473 3427 522 3476 327
542 3424 622 3474 nefas
641 3424 665 3472 A
685 3425 776 3474 scelus
794 3424 819 3472 E
843 3420 855 3489 ΙΙ
878 3425 1056 3476 3311331113-

135 3507 194 3541 rum
213 3492 339 3558 exempla
358 3492 382 3540 A
408 3508 451 3545 ex.
469 3493 523 3542 fao.
545 3492 632 3554 Ι1Εψε
661 3487 672 3556 ll
701 3494 751 3541 334
770 3492 885 3542 31313Α
910 3507 977 3542 cara
995 3488 1046 3558 ΕΗ
