2326 3922
441 199 641 249 PRAEFATIO
890 205 1016 253 XXXVII

10 380 17 403 i
109 353 233 416 duramen.
259 362 361 434 scripte
381 378 413 417 ac
434 359 568 434 complete
589 377 640 434 per
659 376 755 417 manus
777 363 919 419 iohannis.
950 366 1015 420 Ten.
1045 373 1050 381 “

10 453 17 487 t
106 435 177 496 Norde.
188 445 216 500 de
229 445 413 501 lloetinchem.
430 444 527 501 Clerici
543 445 685 517 Traiecteij
702 446 767 503 diot
804 447 861 503 Sub
880 464 951 504 anno
967 449 1016 505 do·

14 546 17 554 ·
106 524 364 606 mininocco⁰v111J
382 529 542 586 diedecima
556 546 628 586 nona
640 533 741 586 mensis
751 531 891 603 lanuariJ'.
914 533 1014 607 Tragg.

10 618 16 651 ἐ
104 608 151 666 ordo
162 614 259 670 solitus.
289 615 458 687 Argumenta
473 614 589 688 singulis
606 623 695 689 tragg.
711 618 866 689 praemissi.
884 647 920 657 -
937 618 1015 674 Alter

10 701 15 735 l
36 750 42 765 ,
101 687 149 768 lT²l
160 715 222 755 saec.
237 715 280 756 xv
295 701 444 772 mergentis.
475 699 551 755 deest
567 698 614 755 fol.
633 699 660 755 1.
675 701 757 773 incip.
773 700 816 756 lli.
833 711 860 756 n.
879 702 918 758 66
941 701 1014 758 Ordo

10 784 13 816 ²
98 780 181 850 panum
201 785 350 839 inmutatus
377 782 497 857 (Edypus
517 783 637 858 ypolitus
660 783 773 857 trohas).
801 815 837 826 -
866 785 1015 860 Vtriusque

96 864 183 934 primam
197 867 315 924 fabulam
330 867 552 942 Wollenbergius
567 868 685 924 contulit
700 886 761 926 cnm
777 870 819 926 ed.
836 871 971 943 'lhysiana
988 879 1016 927 et

94 952 162 1007 nanas
174 953 307 1009 lectiones
322 951 424 1024 publici
444 954 512 1008 iuris
527 952 592 1009 lecit
606 954 633 1008 Z.
650 952 668 1007 l.
686 954 716 1010 G.
732 971 776 1012 xv
790 973 817 1029 p.
836 954 1013 1012 190-194.

10 1098 12 1105 Ι
89 1032 144 1092 alius
156 1038 276 1094 eiusdem
291 1037 472 1094 bibliothecae
486 1036 555 1093 liber
570 1054 641 1094 saec.
656 1055 699 1096 xv
714 1039 784 1094 med.
800 1047 910 1113 praeter
924 1038 1015 1113 philo·

86 1120 180 1194 sophica
199 1138 285 1196 opera
300 1121 417 1178 Senecae
437 1131 597 1194 argumenta
618 1124 821 1195 tragoediarum
843 1131 955 1180 auctore
970 1124 1015 1178 hl·

84 1202 177 1262 bertino
192 1206 300 1262 llusato
316 1208 446 1263 continet.

17 1325 44 1382 P
131 1321 377 1384 Puleuiensis
406 1343 427 1381 s.
457 1318 736 1383 Ver'soniensis
767 1327 880 1383 membr.
910 1326 1015 1384 formae

77 1419 189 1482 unaue.
220 1418 346 1467 exaratus
363 1410 489 1466 Patauiae
512 1427 535 1466 a.
558 1409 640 1467 1396
662 1410 788 1466 conlatus
810 1428 824 1466 a
846 1411 1015 1469 Groddeckio

71 1493 128 1550 Ser.
141 1495 259 1569 Principr
275 1494 464 1568 Crantoriuslry
478 1494 661 1551 bibliothecae
676 1496 816 1568 praelecto
831 1503 928 1570 postea
942 1497 1013 1570 prol.

69 1578 189 1636 Viluensi
204 1597 267 1635 cum
283 1579 324 1635 ed.
336 1579 416 1635 Gron.
432 1595 445 1634 1
461 1581 509 1652 qui
525 1581 615 1635 uarias
631 1581 659 1635 in
671 1580 747 1636 Herc.
762 1596 775 1635 1
790 1579 924 1638 lectiones
939 1581 1014 1638 loras

66 1664 141 1720 dedit
161 1666 189 1719 in
210 1664 325 1720 Heereni
344 1663 497 1721 Bibliothelr
522 1665 571 1720 der
592 1662 664 1720 alten
684 1664 715 1720 L.
737 1683 764 1722 u.
787 1663 821 1719 ll.
843 1665 941 1728 1793,
965 1667 1014 1723 10.

63 1749 248 1805 llemorabilis
270 1756 313 1805 est
331 1748 512 1822 subscriptio:
537 1748 631 1804 ‘Lucii
652 1750 739 1804 hnnei
760 1749 862 1806 Senece
884 1749 1014 1806 llercules

64 1833 187 1889 Oheteus
208 1833 330 1906 tragedia
355 1833 459 1889 decima
479 1832 561 1889 simul
581 1850 613 1889 ac
635 1842 710 1889 totus
731 1834 923 1908 Tragediarum
945 1834 1015 1890 liber

62 1918 110 1973 hic
125 1917 207 1972 finem
222 1916 304 1973 habet
319 1916 363 1973 dei
383 1917 432 1991 grai
446 1935 527 1991 quem
542 1919 639 1992 scripsi
660 1934 713 1992 ego
730 1918 864 1993 Georgius
880 1918 951 1975 filius
965 1917 1015 1975 Ilm

61 2001 141 2058 Pauli
157 2002 236 2075 Regii
258 2001 354 2057 militis
375 2002 408 2057 de
426 2001 552 2075 Georgiis
573 2003 606 2058 de
621 2003 701 2058 Jadra
723 2011 750 2059 et
772 2004 909 2078 compleni
924 2003 1015 2058 Padue

62 2087 108 2142 die
136 2102 192 2144 xvr
218 2087 320 2142 mensis
342 2085 468 2142 Octobris
492 2088 559 2143 hora
581 2106 624 2143 xx
650 2087 794 2143 millesimo
821 2089 1013 2144 trecentesimo

62 2171 245 2244 nonagesimo
262 2177 339 2226 sento
361 2179 394 2226 et
409 2171 512 2228 habui
534 2173 748 2246 exemplaria
763 2190 779 2229 a
794 2171 946 2229 Venerabili
961 2171 1014 2227 No-

62 2253 165 2311 bilibus
187 2261 215 2311 et
235 2255 404 2329 sapientibus
426 2257 495 2311 uiris
516 2255 577 2311 dr'rr's
596 2256 679 2312 Petro
701 2257 734 2313 de
754 2256 857 2313 llabata
878 2255 1013 2311 Canonico

62 2340 191 2397 Paduano
214 2339 318 2396 lohane
338 2339 439 2395 belline
465 2340 499 2396 de
518 2341 640 2397 Venetiis
660 2341 781 2416 Zanonio
803 2340 837 2396 de
858 2339 1013 2396 Gallonibus

64 2426 97 2481 de
112 2425 248 2481 Vicenzia.
270 2423 369 2498 quibus
385 2432 412 2480 et
428 2425 553 2481 omnibns
575 2429 603 2481 in
618 2425 673 2481 hoc
694 2425 764 2481 libro
788 2423 962 2480 studentibus
982 2441 1014 2480 ac

63 2510 146 2564 michi
169 2509 275 2565 Cristus
296 2507 473 2583 Omnipotens
499 2511 628 2584 dignetur
649 2510 769 2584 Spiritus
795 2509 871 2565 Sacri
897 2510 1012 2583 gratiam

61 2593 252 2650 habundanter
272 2593 367 2667 largiri
383 2595 425 2649 cui
442 2595 479 2649 sit
493 2594 552 2650 laus
569 2603 596 2650 et
612 2613 634 2650 s.
652 2593 692 2669 p.'
716 2624 752 2635 -
775 2595 811 2650 lle
831 2592 1012 2651 bibliothecae

60 2677 233 2734 Pulauiensis
249 2677 314 2734 latis
330 2696 355 2735 u.
372 2679 518 2753 Serapeum
533 2696 566 2737 vr
582 2697 608 2753 p,
624 2678 664 2735 48
680 2697 714 2735 x1
730 2697 756 2753 p.
773 2678 844 2736 333.

126 2797 270 2853 Praeterea
298 2796 329 2853 ad
360 2797 555 2853 restituendam
584 2797 726 2871 uolgarem
751 2800 939 2854 recensionem
969 2799 1012 2853 usi

60 2898 157 2937 sumus
806 2909 809 2914 ·

10 2984 46 3037 le
126 2978 303 3040 editione
324 2980 460 3040 aldina
481 3000 506 3039 a.
522 2999 636 3040 nnxvrr
658 2983 691 3039 ab
712 2983 878 3057 llieronymo
893 2984 1011 3039 Auantio

61 3075 164 3123 curata¹
207 3067 259 3135 Qui
283 3061 411 3141 qnoniam
432 3075 506 3125 tanta
528 3085 589 3124 cum
609 3068 751 3142 diligentia
774 3077 802 3124 et
822 3085 889 3124 sano
911 3069 1011 3124 iudicio

60 3151 172 3208 adiutus
194 3150 368 3226 conplurium
384 3153 507 3208 codicum
529 3170 594 3208 mss.
617 3153 716 3222 auxilio
732 3152 769 3225 (u.
786 3151 866 3224 inira)
889 3153 1009 3209 intentu

63 3237 256 3293 constituendo
278 3244 405 3293 uersatus
427 3246 482 3299 est,
505 3245 537 3292 ut
552 3239 741 3294 recensionem
762 3237 884 3294 effecerit
905 3237 1011 3309 uolgari

60 3321 240 3383 simillimam,
265 3321 393 3379 editionis
415 3321 552 3378 aldinae
567 3323 772 3384 lectionem,
795 3322 841 3378 ubi
857 3336 919 3375 cum
934 3319 1011 3375 libris

60 3406 222 3477 uolgaribns
244 3406 288 3462 uel
305 3407 431 3463 omnibus
452 3406 497 3462 uel
512 3406 639 3481 pluribus
660 3404 706 3461 uel
721 3423 775 3462 uno
798 3412 825 3462 et
840 3404 927 3459 altero
944 3419 1009 3458 con-

59 3492 184 3553 sentiret,
199 3508 261 3565 pro
278 3491 433 3549 lectione
448 3491 592 3566 uolgata
609 3489 656 3563 (Α)
672 3490 802 3551 dedimus,
818 3490 856 3543 ita
873 3495 961 3543 tamen
977 3498 1008 3544 ut
