2326 3922
468 189 647 238 nnnnsnlts

91 325 104 376 d
294 330 390 406 Reges
405 330 583 391 conueniant
600 329 678 400 lieet,

252 415 302 493 qui
316 432 435 493 sparsos
450 415 561 492 agitant
576 414 680 484 Dahas,

253 500 306 578 quiv
318 498 403 559 rubri
418 499 495 560 uada
509 497 604 559 litoris

253 592 281 644 et
296 585 419 662 gemmis
434 601 518 644 mare
533 582 638 645 lucidis

251 667 308 729 late
324 670 519 746 sanguineum
534 674 646 742 tenent,

251 761 300 813 aut
315 754 363 831 qui
380 755 477 832 caspia
492 753 618 814 fortibus

250 836 407 899 recludunt
420 839 488 914 iuga
504 836 655 906 Sarmatis,

293 1007 392 1068 Certet
407 1006 535 1068 Danuuii
549 1007 659 1069 uadum
759 1039 762 1044 v

251 1090 339 1151 audet
353 1092 404 1168 qui
419 1090 510 1169 pedes
525 1092 650 1168 ingredi,

252 1184 281 1235 et
297 1174 495 1254 (quocumque
510 1175 577 1235 loeo
592 1176 698 1253 iacent)

252 1261 341 1321 Seres
356 1259 469 1320 uellere
485 1258 614 1321 nobiles:

292 1427 349 1490 Nil
363 1427 431 1491 ullis
447 1445 540 1508 opus
555 1438 601 1490 est
616 1430 709 1509 equis,

251 1513 291 1574 nil
307 1515 397 1574 armis
413 1520 442 1574 et
456 1512 601 1576 inertibus

251 1597 329 1668 telis,
345 1615 421 1676 quae
436 1597 541 1688 uroeul
556 1599 663 1676 ingerit

251 1683 378 1744 Parthus
394 1701 462 1745 curn
478 1682 597 1744 simulat
611 1684 712 1762 sugas:

252 1768 376 1829 admotis
392 1765 487 1829 nihii
503 1774 558 1829 est
574 1783 665 1846 opus

251 1852 341 1912 urbes
356 1861 491 1913 sternere
507 1853 651 1914 machinis
714 1863 720 1872 ·

250 1936 336 2015 lunge
354 1954 421 1998 saxa
438 1937 617 1999 rotantibus:

293 2105 366 2166 Rex
389 2113 459 2174 est,
482 2107 540 2184 qui
555 2115 666 2168 metuet
680 2098 775 2169 nihil

252 2208 317 2251 rex
340 2199 406 2259 est,
429 2193 490 2267 qui
506 2190 721 2269 cupietnihil.
1031 2219 1080 2269 389

252 2293 336 2334 mens
351 2293 506 2353 regnum
521 2275 598 2337 bona
615 2276 747 2355 possidet
1029 2303 1092 2353 380

252 2359 308 2419 hoc
324 2377 477 2438 reguum
494 2359 551 2421 sibi
567 2362 692 2439 quisque
708 2361 766 2422 dat.
1031 2389 1081 2438 390

294 2527 356 2588 Stet
372 2529 553 2610 quicumque
568 2528 651 2591 uolet
665 2537 771 2609 putens

251 2611 334 2672 aulae
350 2614 478 2675 eulmine
493 2612 624 2674 lubrico:
1000 2627 1023 2668 r.
1034 2626 1117 2668 cxxv

252 2715 298 2756 me
315 2697 407 2760 dulcis
422 2705 535 2759 saturet
550 2699 641 2776 quies,

251 2781 379 2846 obscuro
394 2784 508 2863 positus
524 2783 589 2843 loeo

250 2864 308 2926 leni
326 2868 465 2947 perfruar
481 2869 551 2927 otio.
1030 2885 1082 2934 395

93 3003 300 3014 ——q—

165 3071 214 3120 370
232 3069 336 3121 duobos
353 3075 395 3122 uel
411 3071 496 3121 ducos
514 3078 537 3135 ψ
556 3069 641 3120 ducas
660 3085 679 3119 α
697 3069 785 3120 dahas
802 3070 827 3120 E
856 3066 867 3137 11
896 3074 946 3124 372
965 3076 1014 3123 aut

95 3140 119 3187 Α
139 3141 169 3188 et
185 3137 211 3187 E
229 3156 270 3188 un.
283 3154 320 3189 eu*
331 3139 397 3188 Pan.
420 3135 431 3205 il
460 3140 511 3189 376
529 3137 679 3187 danubium
697 3137 766 3187 lieet
783 3140 809 3188 A
833 3139 947 3191 danubii
964 3158 1012 3191 ue·

95 3206 159 3256 dum
176 3205 203 3254 E
225 3202 237 3272 Η
260 3207 311 3257 380
327 3209 451 3257 reuocant*
463 3214 524 3270 poet
540 3223 565 3256 u.
580 3207 632 3256 389
649 3212 754 3257 auctore
772 3205 900 3258 Swoboda
928 3205 940 3274 Η
962 3210 1012 3260 388

95 3274 193 3323 metuit
212 3291 234 3325 ω
256 3278 362 3325 metuet
378 3276 474 3339 scripsi
496 3270 507 3339 Η
530 3274 580 3325 389
598 3290 644 3324 om.
662 3274 688 3324 Α
706 3290 755 3326 rex
774 3279 816 3325 est
834 3277 917 3339 quiue
937 3276 1014 3340 eupit

95 3340 166 3390 nihil
188 3343 274 3392 codex
299 3342 415 3392 Fabricii
432 3359 480 3393 rex
499 3346 542 3392 est
565 3341 612 3406 qui
634 3343 712 3406 eupit
734 3342 805 3393 nihil
827 3345 852 3392 in
876 3358 955 3406 maru.
977 3346 1012 3394 al.

95 3410 244 3545 mrassnutssu
256 3425 305 3461 rex
324 3413 368 3461 esi
386 3411 487 3474 quique
507 3426 530 3465 e.
543 3425 570 3460 n.
582 3410 623 3459 nd
644 3426 665 3460 r.
685 3427 708 3461 e.
729 3425 755 3474 q.
775 3411 869 3474 cupiet
886 3425 912 3458 n.
930 3409 1011 3460 Eun.

94 3494 129 3526 ex
203 3518 209 3532 .
