2326 3922
110 223 191 268 XIIII
275 276 285 285 ⁶
487 221 686 268 PRAEFATIO

111 383 234 437 erarauit
263 381 401 437 Octauiam
431 389 568 454 receptam
599 388 626 436 et
655 381 782 437 consulto
813 383 885 437 inter
905 385 999 454 rigam.
1031 392 1059 439 et

110 467 186 521 Herc.
204 482 228 520 11
250 466 440 539 interpositam
456 483 517 521 esse
533 465 583 520 tibi
599 466 788 538 persuaseris?
819 466 874 521 lloe
897 468 987 540 ipsum
1010 486 1057 524 au·

110 558 163 606 tem
181 550 371 623 reputantibus
387 549 445 606 lieri
469 551 513 605 uix
533 558 626 622 potest
641 550 706 622 quin
722 551 843 623 suspicio
867 551 964 607 animis
986 554 1058 608 oria·

109 643 155 690 tur
175 634 208 690 ab
230 635 325 692 eodem
347 636 456 690 bomine
480 643 508 689 et
530 635 669 690 (letaniam
690 637 861 707 conpositam
883 651 943 690 esse
965 645 992 690 et
1014 654 1058 692 re·

109 720 263 776 censionem
282 723 304 774 Α
326 721 468 792 scriptam,
491 719 537 793 qui
559 720 622 774 dnm
644 735 714 792 opus
736 736 814 774 suunt
836 721 889 774 uiri
912 720 1057 776 clarissimi

109 805 271 860 anctoritate
288 805 358 860 tueri
375 805 483 865 studet,
506 806 577 858 inter
593 804 651 859 eius
667 821 750 877 opera
771 803 815 858 uel
833 821 902 877 quae
918 806 977 860 eius
994 823 1056 861 esse

109 890 233 946 crederet
249 905 328 945 suum
350 885 557 962 interposuit*).
593 888 666 956 Quae
682 897 769 945 tamen
786 889 878 961 opinio
895 890 978 944 certis
995 891 1057 962 qui·

107 973 218 1029 busdam
235 975 404 1047 argumentis
420 973 531 1047 probari
547 975 592 1028 uin
607 989 733 1045 umquam
751 975 863 1046 poterit.

172 1056 341 1130 Quicumque
373 1058 452 1113 bodie
485 1065 578 1113 extant
600 1056 719 1113 Senecae
751 1058 954 1129 tragoediarum
982 1057 1055 1121 libri,

111 1145 241 1218 quoniam
257 1159 306 1198 eos
322 1142 438 1197 diximus
455 1143 486 1197 ad
502 1141 616 1197 duorum
633 1140 805 1196 librariorum
828 1159 938 1216 operam
954 1143 1055 1205 redire,

108 1228 154 1301 qni
178 1228 288 1283 diuerso
306 1234 429 1300 ternpore
451 1242 483 1281 ex
498 1226 567 1299 ipsis
583 1234 681 1298 poetae
698 1227 799 1281 clrartis
821 1244 867 1281 sua
891 1228 1054 1299 exemplaria

17 1318 20 1324 ’
108 1313 345 1385 transcripserint,
374 1313 425 1367 iarn
448 1311 633 1385 quaerendum
654 1310 763 1366 uidetur
785 1327 859 1372 esse,
881 1314 935 1366 utri
958 1328 1054 1367 eornm

107 1397 193 1453 maior
212 1396 279 1452 fides
295 1396 432 1458 habenda,
455 1399 473 1450 i.
496 1414 520 1452 e.
542 1404 603 1452 utra
625 1397 749 1452 recensio
771 1398 799 1450 in
820 1395 994 1450 emendandis
1010 1397 1054 1451 his

31 1474 33 1480 ’
108 1480 256 1552 tragoediis
277 1497 342 1554 prae
368 1482 451 1537 altera
476 1481 614 1552 sequenda
635 1482 679 1535 sit.
723 1479 780 1547 Qua
803 1480 876 1536 inre
899 1482 1055 1553 primariam

107 1583 168 1621 esse
189 1567 358 1620 recensionis
381 1566 410 1619 E
434 1564 493 1620 siue
521 1565 594 1637 quod
620 1565 690 1620 idern
717 1572 759 1620 est
785 1564 886 1621 codicis
914 1565 1054 1619 llorentini

106 1650 296 1706 anctoritatem
313 1648 379 1705 satis
395 1657 478 1723 patet.
508 1648 574 1704 Nam
590 1650 706 1722 primurn
722 1649 843 1723 uolgaris
859 1651 983 1706 recensio
1000 1652 1053 1704 etsi

76 1751 80 1755 ’
106 1734 295 1808 antiquissimo
321 1741 443 1807 tempore
466 1733 605 1789 elaborata
625 1741 681 1794 est,
709 1743 797 1789 tamen
822 1735 868 1806 qui
893 1734 1052 1789 laodiceam

106 1825 313 1894 repraesentant
327 1819 436 1875 codices
451 1826 526 1873 tanto
542 1818 674 1891 temporis
691 1817 836 1874 interuallo
853 1818 885 1872 ab
903 1818 946 1873 illa
962 1825 1053 1873 aetate

106 1903 222 1960 seiuncti
237 1900 367 1975 sunt**),
384 1913 414 1958 ut
430 1920 484 1959 non
500 1903 623 1976 potuerit
638 1902 697 1959 fieri
714 1903 777 1976 quin
795 1920 808 1957 a
826 1903 939 1975 pristina
955 1901 1054 1974 uolga-

171 2099 196 2165 *)
219 2101 351 2151 Eiusdem
374 2107 405 2150 ut
422 2101 534 2151 uidetur
554 2103 655 2151 aetatis
672 2101 796 2150 homines
812 2117 865 2151 non
883 2101 1054 2151 uerebantur

104 2170 187 2219 Pauli
199 2169 318 2231 apostoli
333 2184 392 2217 cum
405 2168 512 2219 Seneca
526 2171 719 2218 commercium
732 2167 843 2233 fingere

174 2235 218 2300 **)
236 2238 296 2287 Non
313 2236 430 2300 contigit
442 2237 523 2285 nobis
537 2235 641 2286 codicis
657 2236 780 2300 uolgaris
799 2235 883 2284 ullius
901 2236 1050 2299 uestigium

104 2306 230 2356 inuenire
247 2305 408 2354 uetustioris
425 2304 539 2373 saeculo
557 2319 616 2356 xrv
644 2305 713 2354 Nam
725 2308 838 2367 praeter
851 2319 898 2353 eos
912 2305 957 2368 qui
974 2303 1049 2352 infra

105 2373 239 2438 descripti
252 2389 268 2422 a
281 2372 401 2422 nobist
373 2377 401 2421 et
415 2364 569 2422 enumerati
581 2375 658 2434 sunt,
677 2371 710 2420 de
723 2387 778 2420 non
791 2371 887 2435 paucis
902 2370 964 2419 aliis
978 2386 1047 2434 quos

104 2441 140 2490 ad
152 2455 259 2489 recens
272 2446 346 2503 trag.
359 2439 490 2489 adhibere
503 2455 557 2490 non
570 2439 675 2488 licebat
687 2439 727 2487 ita
739 2443 832 2487 tamen
845 2453 936 2487 sumus
950 2438 1051 2500 edocti,

103 2512 134 2556 ut
151 2522 198 2557 eos
217 2521 310 2555 omnes
333 2510 361 2555 et
380 2506 503 2571 uolgaris
525 2507 698 2556 recensionis
721 2510 750 2554 et
766 2506 852 2554 aetat
844 2521 867 2554 rs
886 2506 1052 2555 recentioris

104 2590 165 2626 esse
178 2575 305 2624 sciamus.
336 2573 381 2623 Sic
399 2589 441 2623 x11
454 2573 694 2638 Neapolitani,
714 2588 732 2621 x
744 2573 913 2622 ambrosiani
925 2573 952 2620 M
959 2572 1052 2622 edio·

103 2643 279 2702 lonenses,
302 2640 446 2690 duodecim
464 2641 633 2690 laurentiani
648 2641 857 2700 Florentini,
884 2655 997 2705 quorum
1015 2642 1051 2689 H.

102 2712 187 2760 Peter
204 2709 418 2772 descriptionem
435 2709 579 2759 nobiseum
597 2709 821 2767 communionum,
839 2709 892 2758 duo
912 2707 979 2759 bibl.
994 2724 1052 2757 mo·

103 2782 174 2827 nast.
194 2777 222 2825 in
239 2777 351 2825 Monte
370 2775 495 2825 Casino
518 2774 579 2838 (No.
592 2778 643 2826 394
655 2777 752 2831 memb,
766 2791 787 2824 s.
800 2791 869 2824 xr111
883 2774 995 2823 mutilus
1009 2791 1051 2825 re·

102 2845 223 2910 scriptus
235 2859 306 2893 max.
318 2848 424 2908 partem
437 2845 487 2893 No.
498 2846 548 2894 392
560 2845 658 2896 memb.
670 2860 690 2893 s.
701 2844 782 2905 11111)
796 2858 909 2908 quorum
922 2843 1053 2892 notitiam

103 2913 199 2963 Ottoni
209 2911 351 2962 Benndorf
361 2912 505 2973 debemus,
518 2911 633 2961 Lobko
641 2912 824 2962 witzianus
835 2910 902 2961 bibl.
911 2910 1051 2959 Raudnitz

103 2981 138 3030 ad
150 2980 241 3030 Albim
258 2980 287 3027 in
304 2980 437 3030 Bohemia
456 2980 564 3043 (memb.
584 2996 608 3031 a.
625 2980 700 3042 1440)
720 2979 796 3028 cuius
813 2994 868 3028 non
885 2977 962 3026 nulla
980 2978 1052 3031 folia

101 3049 133 3100 F.
155 3047 245 3110 Pauly
268 3049 394 3098 contulit.
429 3047 546 3097 Accedit
566 3047 864 3096 Vratislauiensis
888 3045 961 3095 alter
982 3045 1050 3097 bibl.

101 3131 159 3179 reg.
175 3116 251 3164 univ.
265 3113 355 3176 IVQ
368 3117 401 3165 42
420 3115 509 3164 chart.
528 3113 551 3164 a.
573 3116 638 3164 1502
655 3116 736 3165 Herc.
756 3119 784 3164 et
800 3113 869 3178 'I'hy
888 3113 1050 3176 continens)

101 3182 316 3233 Dresdenses
339 3184 391 3233 dno
416 3183 455 3244 (P
478 3185 525 3233 151
549 3183 661 3232 membr.
680 3184 745 3232 1402
768 3183 926 3245 rescriptas.
956 3182 981 3229 D
1001 3182 1051 3230 152

102 3251 188 3300 chart
203 3266 224 3299 s
238 3250 286 3312 xv)
304 3251 480 3301 Gudianus
498 3249 750 3318 guelpherbytanns
764 3249 813 3300 lat.
826 3253 894 3302 34s
909 3264 978 3297 11111
992 3264 1051 3296 rnu-

101 3319 214 3368 tilusin.
227 3318 308 3368 etfin
322 3311 1050 3381 —ViacentiusBellcnacensisquiinxxx1⁰

101 3386 172 3436 libro
186 3388 294 3451 speculi
306 3387 443 3438 naturalis
461 3386 597 3440 (confecti
609 3401 681 3436 anno
696 3386 772 3448 laco)
792 3385 939 3435 nonnullos
952 3397 1050 3432 uersus

104 3470 119 3505 e
132 3453 258 3505 Senecae
271 3456 424 3520 tragoediis
437 3453 519 3503 affert
532 3468 585 3516 qno
602 3467 667 3504 usus
681 3458 725 3503 est
737 3452 943 3518 tragoediarum
957 3466 1050 3501 exem-

101 3522 163 3586 plar
175 3524 264 3573 utrius
277 3524 363 3573 fuerit
375 3523 546 3573 recensionis
558 3536 613 3573 non
625 3521 721 3584 liquet.
