2326 3922
141 107 206 174 342
531 119 674 178 meacm

115 305 125 340 3
186 261 276 343 (Non)
293 296 334 306 -
352 294 358 306 ·
375 295 417 305 -
435 296 490 329 -‚
507 278 567 320 non
582 261 675 322 maria
691 264 805 341 asperis

142 349 243 408 insana
260 348 352 414 coris,
370 364 428 405 non
445 346 524 406 acies
539 345 618 406 ieras

142 431 221 511 (non)
238 430 391 510 puluerem
408 430 575 509 nubemque
591 437 701 491 motam

227 515 392 576 barbaricis
407 516 539 594 equitum
555 517 692 576 cateruis.

107 661 124 710 b
187 650 281 712 Omne
295 658 492 729 perrumpet·
512 682 518 694 ·
536 667 717 712 -seuerus

143 770 181 779 -
200 769 206 780 ·
225 743 411 811 contemptor
426 734 536 795 leuium
553 735 676 796 deorum

107 1041 133 1100 b'
186 1038 241 1109 Qui
256 1039 338 1099 uidet
352 1036 452 1098 uultus
468 1038 643 1101 Acherontis
658 1041 714 1099 atri

142 1124 270 1202 qunque)
288 1142 346 1183 non
363 1124 453 1184 tristis
469 1124 558 1203 Styga
573 1125 687 1184 tristem
706 1123 814 1203 (adire)

141 1209 230 1269 audet
245 1217 274 1270 et
288 1212 366 1268 uitae
384 1240 557 1255 ·····
571 1243 614 1252 -

226 1312 338 1371 ponere
354 1294 451 1353 finem.

108 1430 131 1487 o'
184 1429 241 1488 Par
257 1427 304 1487 ille
320 1430 398 1505 regi,
415 1446 469 1506 par
484 1430 600 1508 superis
616 1429 673 1489 erit

55 1827 78 1877 Β
186 1814 211 1876 0
227 1834 314 1893 quam
330 1817 471 1876 miserum
489 1825 534 1877 est
548 1819 665 1879 nescire
682 1819 758 1877 mori

275 1982 344 1987 μ-
490 1926 503 1961 *
592 1927 606 1960 *
695 1928 709 1962 *

108 2081 133 2130 Ε
249 2075 309 2132 Non
325 2075 408 2131 maria
425 2078 530 2148 asperis
546 2077 640 2131 insana
656 2076 759 2132 eboris

249 2159 307 2217 Non
323 2162 402 2216 aties
420 2160 491 2215 ieras
508 2160 698 2233 pulueramue
713 2159 814 2215 nubem

248 2246 321 2302 blota
335 2244 483 2300 barbaricis
500 2247 622 2318 equitum
638 2246 769 2309 cateruis,

248 2329 376 2387 Nonurbe
393 2347 453 2385 cum
471 2337 528 2385 tota
543 2329 662 2404 populos
677 2329 805 2385 cadentes

248 2417 359 2471 Hostica
376 2431 470 2469 muros
486 2415 635 2486 populante
652 2413 757 2470 [lamma

247 2500 447 2555 bulomitumue
464 2499 574 2554 beilum.
744 2557 747 2563 .

247 2584 409 2655 Perrumpet
425 2601 505 2639 omno
521 2585 710 2640 seruitium
727 2590 883 2639 contemtor
1066 2587 1104 2641 628

247 2668 358 2722 Louium
374 2668 485 2722 deorum

248 2751 299 2819 Qui
316 2752 409 2807 unitus
425 2753 582 2810 acherontis
599 2754 650 2808 atri
667 2754 713 2826 qui
730 2760 809 2826 styga
826 2754 934 2808 tristem
1071 2761 1100 2809 bt

247 2837 306 2893 Non
322 2839 410 2892 tristis
426 2838 501 2894 uidet
517 2838 652 2911 audetque
669 2842 742 2892 ultae

247 2923 351 2979 Ponere
367 2922 457 2978 finem.
487 2941 536 2996 par
551 2921 597 2978 iile
614 2924 671 2995 regi
688 2939 738 2995 par
753 2922 862 2995 superis
879 2922 941 2977 erit.

249 3006 269 3060 0
286 3024 365 3078 quam
383 3007 512 3062 miserum
528 3014 570 3063 est

247 3089 355 3146 Nescire
371 3094 448 3146 mori.

210 3206 258 3254 621
279 3204 349 3254 coris
368 3206 393 3255 A
413 3205 505 3255 choris
523 3214 546 3268 ψ
568 3201 581 3271 Η
605 3208 653 3256 622
672 3207 749 3255 acies
768 3205 792 3255 A
813 3202 825 3272 Η
849 3220 915 3269 ·que
935 3205 959 3254 A
981 3201 993 3270 Η
1013 3205 1072 3254 623

142 3277 245 3323 motam
264 3274 288 3322 A
305 3269 317 3338 Η
334 3275 383 3323 627
402 3289 437 3323 ne
455 3290 502 3323 om.
521 3271 568 3340 ψΗ
584 3274 706 3324 ὺεΙΙιιιηυ
725 3275 750 3324 Α
766 3270 778 3339 Η
795 3275 845 3324 628
863 3289 945 3323 omne
961 3273 966 3335 Ι
983 3273 1068 3325 Scins

141 3344 333 3404 contemptoru
351 3342 376 3391 A
395 3336 406 3405 Η
423 3342 472 3392 630
488 3341 555 3392 Ille
575 3343 621 3407 qui
642 3342 663 3391 G
678 3338 690 3407 Η
708 3344 761 3391 atri
777 3341 780 3405 Ι
797 3344 822 3392 Α
833 3338 846 3406 Η
858 3341 987 3393 tristemV
1005 3343 1029 3391 A
1048 3358 1051 3399 ξ

139 3405 189 3456 631
209 3408 287 3458 uidet
303 3410 308 3475 Ι
324 3410 348 3458 A
360 3406 480 3476 fluitat„
499 3406 550 3476 ΑΗ
559 3413 608 3462 633
626 3409 707 3458 finem
723 3410 727 3473 Ι
743 3411 768 3460 Α
781 3407 792 3476 Η
804 3412 855 3460 635
874 3416 939 3460 estv
958 3411 982 3459 A
1007 3408 1020 3475 Η
