2326 3922
108 225 176 273 vm
484 222 684 270 PRAEFATIO

112 403 144 443 ac
165 387 226 442 sine
246 384 340 440 labore
359 385 507 457 conposuit
526 400 577 439 nec
600 392 631 439 ut
651 384 761 457 quidam
782 392 881 457 putant
901 383 988 439 aliena
1009 406 1060 461 pro

111 474 169 527 suis
190 470 283 526 edidit.
319 469 423 525 Venere
445 470 471 523 in
492 485 587 523 manus
608 485 682 524 meas
703 468 900 542 pugillares
920 469 1060 529 libelli·

112 572 179 629 que
203 572 276 612 cum
300 553 504 628 quibusdam
532 554 729 609 notissimis
753 554 916 609 uersibus
946 555 1061 629 ipsius

112 639 357 713 chirographo
378 640 545 712 scriptis,
566 646 597 693 ut
612 638 692 694 facile
713 648 857 713 appareret
873 656 929 694 non
946 640 1061 701 tralatos

113 734 160 782 aut
180 725 300 781 dictante
328 723 420 797 aliquo
441 731 585 796 exceptos,
616 723 662 778 sed
684 723 763 797 plane
785 727 897 797 quasia
919 730 1062 798 cogitante

111 818 193 884 atque
215 818 363 882 generante
384 817 523 870 exaratos;
553 811 589 863 ita
615 806 722 864 multa
748 818 783 864 et
805 805 920 865 deleta
947 820 982 867 et
1008 815 1059 868 in-

113 895 216 951 ducta
237 902 271 950 et
294 893 540 967 superscripta
561 894 739 949 inerant“.
768 893 862 967 Neque
883 893 931 950 abs
951 913 983 952 re
1005 900 1061 954 crit

111 979 238 1035 attulisse
253 995 322 1052 quae
337 978 421 1034 Leoni
437 994 487 1033 suo
504 977 631 1033 Sidonius
646 978 742 1034 scribit
756 995 819 1052 epp.
837 978 890 1033 l'lll
906 980 925 1036 3
941 981 979 1054 (p.
995 981 1063 1038 462

113 1063 228 1135 Sauaro)
244 1063 406 1136 „Apollonii
423 1062 597 1136 Pythagorici
612 1064 697 1119 uitam
713 1080 768 1119 non
784 1072 815 1119 ut
829 1064 1061 1122 Nicomachus

112 1151 205 1205 senior
226 1147 487 1210 ePhilostrati,
511 1147 559 1203 scd
579 1156 610 1203 ut
625 1149 768 1204 Tascius
783 1148 816 1219 (ἲ)
833 1147 1061 1207 Victorianus

112 1233 340 1289 ellicomacbi
359 1233 503 1289 schedio
525 1233 731 1306 exscripsit,
753 1236 816 1306 quia
831 1235 965 1295 iusseras,
982 1238 1060 1291 misi:

110 1334 192 1391 quam
213 1318 277 1373 dum
299 1334 397 1391 parere
417 1317 518 1373 lestino
540 1316 681 1378 celeriter,
712 1319 792 1374 eiecit
819 1317 882 1388 (an:
904 1320 1059 1392 coniecitl)

110 1404 138 1458 in
170 1402 379 1458 tumultuarium
408 1403 546 1476 exemplar
572 1401 679 1457 turbida
711 1410 738 1457 et
764 1420 894 1475 praeceps
923 1410 951 1458 et
979 1405 1060 1477 opica

109 1486 253 1543 translatio
262 1495 278 1514 ‘¹
300 1487 346 1557 (ci.
362 1487 392 1542 0.
407 1486 485 1542 Jahn.
502 1488 559 1542 lter.
575 1486 624 1542 der
639 1485 731 1567 Sichs.
747 1487 807 1542 Ges.
829 1488 854 1542 d.
873 1488 955 1543 Wiss.
975 1488 1057 1545 1851

112 1589 139 1645 r·
157 1570 305 1644 335³u1l
331 1569 350 1642 l·
687 1617 691 1622 -

176 1655 268 1729 Neque
284 1672 352 1712 uero
367 1655 484 1711 schedae
506 1673 520 1711 a
536 1655 564 1710 b.
581 1658 611 1711 Α.
628 1656 730 1712 Seneca
745 1659 864 1728 scriptae
886 1656 953 1712 alias
968 1662 1059 1714 conti·

109 1739 210 1796 nebant
231 1739 336 1796 fabulas
362 1740 416 1795 nisi
437 1741 544 1813 priores
565 1750 636 1798 octo.
681 1741 747 1796 Nam
774 1757 844 1813 quae
867 1741 893 1795 in
915 1741 1061 1799 codicibus

109 1833 243 1881 secuntur
261 1828 467 1898 Agamemno
496 1834 523 1881 et
544 1826 715 1881 Hercules
742 1824 833 1882 alter
858 1842 903 1881 eas
930 1842 1021 1901 neque
1043 1846 1059 1885 a

106 1909 273 1984 philosopho
294 1911 355 1983 ipso
377 1926 467 1984 neque
488 1910 521 1966 ab
549 1909 655 1983 aequali
677 1911 793 1983 quodam
814 1913 972 1983 conpositas
996 1928 1061 1968 esse

108 1995 271 2051 certissimis
286 1996 455 2067 argumentis
467 2002 560 2068 potest
574 1992 725 2066 euinci**).
750 1994 823 2062 Quas
839 1995 885 2067 qui
902 2012 1058 2069 conposue-

109 2087 175 2135 runt
195 2095 250 2135 non
278 2079 366 2135 solum
387 2096 476 2152 neque
503 2082 531 2134 in
555 2081 663 2140 metris.
694 2079 845 2152 anapaestis
872 2081 1058 2153 potissimum,

109 2163 258 2220 condendis
280 2171 307 2219 et
329 2165 356 2219 in
372 2163 503 2219 diuerbiis
525 2164 672 2220 secundum
694 2164 782 2236 legem
803 2165 969 2237 stropbicam
990 2182 1060 2221 con·

109 2248 256 2304 stituendis
283 2249 315 2305 ad
336 2257 506 2305 constantem
530 2248 648 2304 Senecae
669 2265 792 2304 normam
818 2265 848 2304 se
870 2251 1057 2313 accinxerunt,

109 2349 205 2389 uerum
221 2335 303 2389 etiam
319 2335 346 2389 in
362 2335 436 2389 iusto
453 2350 629 2408 personarum
646 2350 760 2389 numero
776 2334 911 2389 seruando
928 2334 954 2388 in
966 2335 1058 2391 choro

109 2418 262 2474 adhibendo
285 2420 367 2491 inque
390 2419 449 2474 aliis
465 2419 559 2474 multis
574 2418 657 2474 rebus
673 2418 706 2473 ad
727 2413 902 2490 οἰκονομίαν
915 2420 1060 2491 pertinen·

110 2502 184 2556 tibus
198 2520 220 2557 a
243 2503 429 2559 seuerioribus
453 2505 519 2559 artis
541 2505 695 2576 praeceptis
721 2511 896 2559 recesserunt
918 2509 946 2558 et
966 2507 1058 2559 maui-

110 2585 178 2641 lesta
196 2594 259 2642 octo
275 2587 398 2658 priorum
415 2588 617 2660 tragoediarum
634 2589 784 2643 imitatione
799 2604 853 2643 non
866 2589 956 2642 minus
973 2605 1057 2661 quam

109 2686 163 2743 quo
185 2671 226 2724 usi
249 2677 314 2725 suut
329 2671 435 2726 dicendi
452 2688 552 2744 genere
574 2675 606 2728 ab
628 2689 764 2729 aunaeauo
785 2688 841 2728 uon
857 2673 962 2728 modice
978 2673 1060 2729 dille·

108 2762 187 2809 rente
210 2755 360 2811 imitatores
383 2772 443 2811 sese
463 2756 591 2830 produnt.
629 2758 682 2813 llae
699 2759 784 2830 igitur
800 2757 920 2819 fabulae,
942 2773 1005 2813 cum
1027 2760 1057 2813 in

108 2845 253 2912 utramque
274 2841 460 2896 recensionem
484 2858 529 2897 eas
552 2842 693 2898 transiisse
714 2849 835 2903 constet,
858 2850 921 2915 post
936 2841 1058 2898 Senecae

107 2932 223 2979 mortem
246 2923 334 2980 abeis
351 2928 397 2997 qui
412 2925 520 2982 libellos
538 2927 737 3000 tragoediarum
760 2927 792 2983 ab
814 2942 846 2982 eo
861 2927 972 2982 relictos
987 2943 1058 2999 pos·

175 3120 202 3187 *)
222 3123 265 3173 De
279 3122 467 3173 Gracchorum
481 3123 623 3175 Ciceronis
636 3126 756 3191 Vergilii
774 3125 944 3191 idiographis
958 3140 984 3173 u.
998 3125 1058 3174 Pli-

107 3188 169 3238 nius
182 3204 207 3238 n.
220 3190 247 3240 h.
265 3192 366 3242 111183
388 3193 414 3241 J.
429 3191 537 3243 Gellius
550 3209 605 3242 x111
620 3195 681 3242 214
703 3196 784 3244 1135
805 3195 947 3244 v1111147
969 3195 1024 3241 121
1040 3197 1058 3243 2

108 3257 297 3320 Quintilianus
311 3275 320 3308 1
335 3262 349 3309 l
362 3261 403 3309 20.

175 3324 218 3386 **)
240 3327 301 3375 Has
319 3326 386 3377 duas
405 3327 515 3377 fabulas
529 3344 546 3378 a
559 3328 665 3378 Seneca
678 3329 797 3394 scriptas
815 3343 875 3378 esse
888 3328 1004 3392 negauit
1021 3327 1055 3377 R.

105 3392 251 3445 Bentleius
264 3410 358 3457 opusc.
373 3395 416 3445 ed.
429 3398 505 3460 Lips.
518 3413 544 3461 p.
559 3398 617 3448 232.
646 3396 725 3446 Alter
740 3401 862 3446 nostrum
877 3397 922 3460 qui
939 3396 967 3444 in
980 3410 1057 3445 com-

105 3466 190 3514 ment.
214 3462 247 3513 de
266 3461 329 3512 Seu.
348 3467 419 3528 trag.
440 3468 513 3514 auct.
532 3463 668 3528 Oedipum
690 3479 799 3529 quoque
822 3466 850 3513 in
872 3464 1056 3528 suspitionem

105 3530 231 3594 uocauit,
251 3531 284 3579 de
298 3528 349 3581 bac
362 3532 492 3596 opinione
505 3531 611 3596 pridem
624 3534 749 3584 recessit.
