2326 3922
237 122 300 186 368
626 134 768 182 mesum

239 277 348 353 sparsit
362 282 535 352 peremptus
550 291 674 334 aureum
689 290 813 351 serpens
829 290 937 334 nemus

240 368 268 422 et
284 359 377 438 bydra
394 360 473 419 uires
488 360 586 437 posuit
602 366 631 418 et
645 366 732 417 notos
747 357 848 417 Hebro

240 462 347 505 cruore
363 444 487 521 pingues
502 444 651 519 hospitum
669 441 743 517 fregi
759 457 866 520 greges

239 530 389 605 hostisque
404 529 481 588 traxi
497 527 590 606 spolia
605 526 852 587 thermodontiae.

239 613 298 673 uidi
315 611 452 673 silentum
469 612 526 672 lata
543 630 598 672 nec
614 618 727 672 tantum
744 611 823 680 redi,

238 698 288 758 sed
305 697 438 775 trepidus
454 703 550 756 atrurn
567 695 729 756 Cerberum
745 694 819 755 uidit
835 695 897 756 dies

239 791 268 842 et
281 781 329 841 ille
345 780 446 840 solem.
478 780 575 840 nullus
589 781 719 840 Antaeus
733 779 825 858 Libys

238 869 365 925 animam
380 867 518 934 resumit,
536 865 642 925 cecidit
657 870 724 924 ante
740 881 807 924 aras
823 881 892 925 suas

238 951 363 1018 Busiris,
380 968 438 1009 una
457 957 500 1009 est
515 950 631 1026 Geryon
647 966 769 1026 sparsus
785 966 874 1009 manu

238 1045 400 1111 taurusque
416 1033 532 1110 populis
548 1033 688 1093 horridus
704 1040 822 1093 centurn
840 1051 945 1111 pauor.

237 1119 444 1197 quodcumque
460 1117 546 1178 tellus
562 1118 663 1193 genuit
678 1117 783 1178 intesta
800 1117 908 1177 occidit

237 1221 362 1282 meaque
379 1203 474 1262 iusum
492 1210 535 1261 est
551 1202 682 1261 (testera.
714 1203 795 1262 iratis
812 1201 874 1261 deis

238 1306 295 1346 non
313 1287 393 1346 licuit
409 1305 482 1347 esse.
514 1286 537 1344 si
553 1292 642 1361 negat
656 1285 786 1345 mundus
802 1286 881 1346 ieras

238 1373 367 1431 animum
384 1388 529 1438 nouerca,
548 1370 640 1430 redde
656 1387 736 1429 nunc
752 1381 839 1446 gnato
856 1368 972 1449 patrem

236 1455 285 1514 uel
300 1464 378 1516 astra
394 1456 472 1515 lorti.
502 1473 558 1514 nee
573 1460 641 1531 peto
657 1460 689 1514 ut
704 1461 851 1515 monstres
866 1456 936 1515 iter:

236 1541 373 1615 permitte
388 1547 499 1599 tantum
517 1541 647 1618 genitor,
663 1540 813 1601 inueniam
828 1540 919 1599 uiam.

237 1622 284 1683 uel
301 1625 325 1683 si
341 1625 425 1683 times
441 1641 478 1684 ne
494 1630 574 1683 terra
592 1624 739 1701 concipiat
755 1623 849 1692 ieras,

208 1733 220 1773 a
238 1715 379 1785 properet
394 1707 503 1768 malum
518 1707 741 1786 quodcumque,
759 1707 829 1768 dum
845 1716 924 1769 terra
941 1708 1097 1771 Herculem

237 1791 327 1851 habet
341 1793 494 1869 uidetque:
519 1810 586 1852 nam
604 1793 667 1870 quis
682 1793 804 1853 inuadet
820 1792 894 1871 mala

237 1883 286 1937 aut
302 1878 367 1952 quis
382 1895 436 1955 per
451 1877 541 1937 urbes
557 1894 661 1937 rursus
677 1876 823 1954 argolicas
840 1879 895 1938 erit

236 1962 356 2020 lunonis
373 1961 440 2020 odio
457 1962 580 2037 dignus?
596 1994 639 2008 -
654 1963 682 2021 in
699 1968 794 2022 tutum
811 1980 893 2023 meas

236 2044 338 2105 laudes
355 2045 473 2123 redegi,-
486 2044 565 2104 nulla
582 2063 629 2105 me
645 2045 732 2106 tellus
747 2045 820 2106 silet.
989 2062 1051 2111 ouer.
1065 2061 1084 2100 x

235 2147 283 2189 me
298 2132 389 2189 sensit
405 2147 491 2189 ursae
506 2130 644 2207 frigidum
661 2130 809 2208 scythicae
825 2147 920 2207 genus
993 2144 1014 2185 r.
1029 2145 1081 2186 cxr

235 2213 382 2293 Indusque
399 2213 518 2273 Phoebo
536 2214 669 2274 subditus
685 2232 793 2274 cancro
809 2214 909 2295 Libys.

235 2305 264 2358 te
280 2297 358 2358 clare
374 2300 459 2359 Titan
477 2306 584 2367 testor,
602 2300 720 2359 occurri
734 2298 787 2359 tibi

236 2401 421 2461 quacumque
437 2382 531 2461 lnlges
547 2401 602 2442 nec
618 2401 700 2442 meos
715 2381 764 2442 lux
780 2387 920 2463 prosequi

234 2469 331 2544 potuit
347 2468 520 2546 triumphos.
552 2467 621 2528 solis
638 2468 747 2527 excessi
764 2470 846 2528 uices

234 2551 369 2629 intraque
386 2560 502 2611 nostras
518 2551 647 2613 substitit
663 2562 755 2612 metas
771 2553 842 2612 dies.

235 2641 339 2694 natura
356 2638 457 2705 cessit,
473 2646 554 2698 terra
571 2636 676 2696 deiecit
691 2638 829 2714 gradum,

302 2874 335 2921 20
353 2872 426 2934 fregi
444 2872 468 2919 E
481 2873 600 2921 Deirinni
617 2871 676 2919 fudi
695 2873 718 2919 A
743 2869 755 2937 ly
777 2875 809 2920 22
829 2874 959 2923 silentum
979 2875 1023 2926 Er.

234 2942 290 2986 tem
303 2948 326 3001 ψ
339 2935 350 3003 ΙΙ
362 2944 467 2987 tentum
481 2947 519 3003 εψ
537 2944 630 2987 tamen
644 2940 668 2988 A
681 2935 692 3003 ll
704 2941 736 2986 26
755 2955 810 2988 una
823 2956 928 3004 geryon
946 2943 1004 3003 (om.

234 3007 266 3054 28
280 3006 383 3054 infesta
392 3006 442 3068 Εψ
455 3007 586 3055 infestum
597 3007 621 3054 A
633 3002 645 3071 ss
658 3008 689 3055 29
703 3007 792 3055 fusum
807 3014 849 3056 est
862 3009 911 3071 Ep
926 3014 1012 3061 eston

233 3071 270 3121 tis
288 3072 314 3120 E
337 3068 348 3136 ΙΙ
371 3075 404 3122 30
423 3074 445 3122 si
464 3074 489 3121 E
505 3075 579 3123 Voss.
593 3074 698 3136 Lipsius
711 3090 745 3123 ea*
758 3076 958 3126 bertrandane.
978 3080 1003 3128 si

235 3129 335 3190 cedrea
347 3140 372 3188 E
385 3137 444 3201 (sed
456 3155 579 3190 coeream
592 3148 609 3189 t.
622 3141 710 3205 ll'lis.)
723 3155 845 3192 nouerca
858 3145 882 3193 A
896 3161 929 3193 nn
942 3145 1002 3195 dor

233 3204 395 3271 uercaill34
407 3213 482 3257 terra
494 3226 515 3258 ω
530 3209 621 3257 foeta
636 3209 710 3260 NHs.
722 3209 770 3274 ll35
783 3214 857 3260 terra
871 3229 892 3261 ω
905 3229 938 3261 nn
950 3212 996 3262 lar

234 3275 360 3326 hercules
378 3291 422 3327 mc.
442 3276 528 3326 Coton.
544 3273 556 3341 ΙΙ
573 3279 606 3326 39
624 3277 719 3341 redegi
738 3278 762 3326 Ε
781 3280 874 3343 recepi
893 3280 917 3327 A
937 3277 948 3344 {l
963 3283 992 3330 4<

233 3344 386 3409 eucarpo
403 3344 539 3394 scithicae
558 3344 582 3392 Ε
601 3344 746 3408 Scythicae
766 3347 790 3394 A
804 3344 814 3410 Η
827 3349 858 3395 41
879 3349 974 3397 cancri

233 3409 331 3476 iraque
350 3429 371 3461 ω
389 3413 527 3476 Intraque
548 3412 625 3462 Gron.
644 3411 656 3480 ss
673 3415 706 3461 46
723 3412 826 3463 defecit
845 3416 884 3464 εΑ
908 3416 981 3465 deser
