2326 3922
431 197 631 247 andnemun

56 339 94 399 id
116 357 185 400 esse
201 339 285 417 regui
301 339 461 399 maximum
478 340 586 417 pignus
601 345 720 416 putant,

58 426 87 484 si
107 423 254 502 quicquid
270 421 334 482 aliis
350 440 408 482 nou
425 421 508 494 licet,
526 423 596 484 solis
611 421 688 484 licet.

113 519 215 567 curn.
239 506 355 586 lgnouit
369 506 515 568 Helenae:
538 509 637 568 iuncte
654 506 785 568 Menelao
802 509 879 569 redit

61 609 150 670 quae
166 592 315 669 Europam
331 599 360 652 et
375 592 473 652 Asiam
489 592 611 670 paribus
626 592 738 652 adflixit
753 591 846 654 malis.
1008 603 1059 652 275

60 688 154 737 Anca.
170 675 221 736 sed
238 674 318 737 nulla
333 676 454 737 Atriden
471 693 582 737 uenere
599 676 707 736 lurtiua
723 676 843 738 abstulit

62 779 128 822 nec
145 762 223 839 cepit
238 761 367 821 animum
384 761 501 838 coniugi
517 760 692 821 obstrictum
709 779 789 822 suae.

63 847 131 905 iam
148 845 260 905 crimen
276 842 325 906 ille
342 846 502 922 quaeritet
518 862 620 905 causas
635 852 729 923 parat.

64 926 147 989 nihil
163 945 228 990 esse
243 929 333 990 crede
347 936 435 1007 turpe
451 923 631 990 conmissum
647 928 713 989 tibi:

67 1012 146 1092 quid
162 1013 284 1074 honesta
299 1013 422 1091 prodest
437 1017 496 1074 uita
512 1014 625 1092 flagitio
640 1031 749 1074 uacans

65 1097 123 1158 ubi
141 1097 278 1158 domiuus
294 1098 373 1159 odit?
394 1098 426 1157 lit
440 1116 565 1181 nocens,
583 1116 642 1158 nou
659 1099 821 1177 quaeritur.

116 1180 295 1259 Spartamne
310 1191 429 1261 repetes
445 1190 544 1260 spreta
561 1190 591 1243 et
605 1183 736 1244 Eurotan
752 1190 835 1245 tuum

66 1267 243 1344 patriasque
258 1266 343 1327 sedes
358 1267 501 1345 profuga?
525 1284 583 1327 nen
600 1267 672 1327 dant
687 1269 796 1328 exitum

67 1349 197 1428 repudia
213 1367 328 1426 regum.
360 1369 412 1428 spe
428 1357 524 1412 metus
540 1351 610 1412 falsa
627 1349 718 1411 leuas.
963 1363 1058 1404 tcvss

115 1445 217 1493 cunr.
240 1433 351 1525 Delicta
368 1437 452 1496 nouit
467 1453 555 1496 nemo
572 1437 629 1496 nisi
645 1435 836 1496 lidusmea.
1007 1447 1057 1498 285
1107 1471 1111 1479 ·

66 1529 156 1578 ABG.
174 1535 232 1578 nou
250 1521 340 1579 intret
355 1538 495 1598 umquam
511 1523 626 1598 regium
643 1519 733 1580 limen
749 1520 855 1580 fides.

114 1613 214 1663 ctus.
239 1602 352 1682 Opibus
368 1602 519 1674 merebor,
537 1613 569 1665 ut
584 1605 696 1666 iidem
713 1607 835 1683 pretio
850 1603 987 1682 obligem.
1042 1682 1046 1687 Δ
1093 1644 1097 1666 .

64 1697 154 1746 Atto.
170 1688 265 1764 pretio
281 1696 382 1766 perata
397 1690 527 1749 uincitur
543 1690 670 1768 pretio
686 1688 792 1750 fides.

112 1783 196 1830 nvn.
220 1771 319 1847 Surgit
334 1773 470 1834 residuus
485 1775 628 1850 pristinae
645 1775 751 1834 mentis
766 1773 871 1851 pudor.

67 1853 146 1933 quid
162 1853 324 1935 obstrepis
341 1857 412 1934 quid
429 1875 504 1918 uoce
519 1856 708 1934 blandiloqua
725 1857 799 1918 mala
1009 1869 1059 1918 290

65 1937 194 1998 consilia
209 1940 319 2000 dictas?
340 1940 453 2002 scilicet
468 1941 560 2003 nubet
575 1941 629 2001 tibi

65 2040 179 2101 regum
196 2023 299 2085 relicto
314 2043 385 2104 rege
400 2043 545 2103 generosa
562 2024 658 2086 exuli?

63 2118 154 2168 Alte.
172 2114 202 2166 et
217 2126 269 2169 cur
283 2109 385 2170 Atride
401 2110 642 2205 uideou'nlerior
657 2109 711 2171 tibi

63 2198 180 2270 gnatus
195 2191 357 2272 Thyestae?

61 2288 155 2337 NVT.
387 2280 411 2338 si
427 2296 533 2357 parum
550 2287 609 2349 est,
627 2280 702 2340 adde
717 2286 745 2340 et
760 2298 862 2359 nepos.

63 2371 159 2422 Alte.
180 2369 335 2422 auctore
350 2361 499 2423 Pboebo
514 2365 630 2442 gignor.
657 2364 739 2425 haud
755 2365 875 2441 generis
889 2362 989 2443 pudet.
1008 2373 1059 2422 295

112 2458 196 2505 nvn.
219 2445 405 2506 Phoebum
427 2448 554 2508 nefande
569 2449 668 2526 stirpis
688 2457 880 2510 auctorem
901 2466 991 2509 uocas

63 2547 164 2609 quem
181 2537 266 2590 nocte
281 2530 376 2591 subita
392 2531 477 2592 frena
492 2540 682 2593 reuocantem
699 2551 751 2593 sua

63 2611 158 2674 caelo
174 2613 341 2691 expulistis?
363 2615 433 2693 quid
449 2616 521 2676 deos
537 2616 648 2694 probro
665 2617 819 2678 addimus?
880 2640 882 2644 ⁴

62 2697 231 2774 subripere
247 2698 352 2760 doctus
367 2700 472 2761 lraude
488 2700 609 2778 genialis
625 2709 706 2761 toros

141 3001 194 3051 279
209 3000 303 3051 Nichil
320 3003 346 3052 E
363 3003 410 3053 Nil
429 3005 454 3054 A
474 2999 486 3069 ΙΙ
505 3005 556 3054 280
572 3019 679 3054 uacans
699 3005 723 3053 E
741 3019 839 3054 careus
858 3005 883 3053 A
907 3000 919 3070 ΙΙ
941 3003 991 3053 282

61 3067 204 3135 Spartam
215 3068 241 3117 lt
258 3068 379 3135 Sparten
395 3067 440 3136 ΑΙΙ
452 3087 487 3120 ne
500 3070 551 3119 EA
571 3087 634 3120 num
652 3069 699 3137 apl!
712 3077 739 3121 et
757 3074 823 3122 edro
841 3075 949 3121 tentum
966 3071 992 3119 E

60 3136 200 3186 Eurotan
215 3139 303 3187 tuum
323 3138 402 3193 Grec.
434 3142 462 3189 et
481 3155 498 3188 a
515 3143 594 3189 tanto
611 3141 671 3189 uiro
691 3140 715 3188 A
785 3140 836 3189 284
859 3144 948 3189 metus
966 3138 992 3186 E

60 3203 214 3256 metumA
226 3200 239 3272 ΙΙ
249 3205 301 3256 289
318 3207 369 3256 294
387 3207 437 3257 296
454 3206 536 3259 NVT.
550 3206 575 3255 Ε
594 3206 698 3258 CLYT.
714 3209 736 3257 A
773 3208 821 3257 291
841 3208 927 3256 nubet
939 3205 991 3255 EA

60 3272 176 3323 nubum
193 3271 268 3323 Voce.
291 3268 356 3338 loeo
370 3288 504 3339 generoso
517 3274 542 3322 Ε
560 3289 695 3338 generosa
709 3276 732 3323 A
769 3275 820 3324 296
832 3271 953 3322 nefande
966 3271 991 3318 Ε

58 3337 224 3392 nefandae
244 3336 283 3406 αΙ
307 3341 358 3392 298
377 3340 501 3391 addimus
520 3341 545 3389 E
564 3341 685 3392 aduocat
704 3343 728 3391 A
779 3341 829 3390 299
848 3338 904 3388 Sub
924 3353 990 3402 rupe

58 3407 207 3462 reductus
224 3406 250 3456 Ε
272 3407 416 3474 surripere
435 3408 533 3459 doctus
551 3410 575 3458 A
600 3405 611 3475 Η
635 3409 754 3474 genialis
773 3408 797 3457 E
825 3405 949 3471 geniales
967 3413 991 3469 ψ

57 3472 221 3545 genitales
241 3470 350 3541 anteri
367 3475 393 3526 Ε
411 3480 485 3526 toros
503 3477 528 3525 A
551 3473 565 3544 Η
