2326 3922
503 136 701 237 Autumno

139 349 201 392 non
218 333 305 392 niuea
320 329 421 407 proles
437 327 551 408 Cycnus
566 331 707 408 aequorei
723 330 784 399 dei,

140 433 200 476 non
217 413 360 476 bellicoso
376 413 504 474 Thressa
521 432 587 474 curn
605 414 703 475 Rheso
719 415 863 492 phalanx,

139 519 202 560 non
218 500 296 577 picta
313 499 468 578 pharetras
484 506 513 559 et
527 500 697 577 securigera
714 517 802 561 manu

140 584 255 664 peltata·
266 588 411 646 Amazon:
434 583 514 644 hunc
530 582 610 643 domi
625 584 767 645 reducem
784 602 871 662 paras
885 585 891 597 ’

139 675 273 730 mactare
289 675 318 729 et
333 685 399 728 aras
414 668 505 728 caede
521 666 670 730 maculare
685 669 783 747 inpia?

183 753 293 813 Victrix
310 751 433 813 inultum
450 751 572 812 Graecia
588 751 645 812 hoc
661 752 775 813 lacinus
791 755 884 815 leret?

138 855 232 917 equos
249 846 279 898 et
294 854 376 898 arma
392 835 592 914 classibusque
608 837 734 898 horrens
751 839 860 898 fretum

139 939 278 1002 propone
293 931 322 983 ct
337 921 394 982 alto
410 922 554 998 sanguine
571 921 723 981 exundans
738 921 832 982 solum

138 1014 169 1067 et
185 1013 368 1085 totacaptae
382 1005 440 1067 lata
458 1005 617 1066 dardaniae
632 1005 738 1067 domus

139 1099 257 1169 regesta
273 1091 389 1152 Danais.
419 1091 574 1168 conprimc
589 1089 723 1151 adlectus
738 1098 839 1153 truces

139 1174 459 1253 mentemquetiloimct
473 1177 536 1252 ipsa
553 1175 673 1252 pacifica
689 1181 780 1236 tuam.

268 1439 474 1488 AEGIS'I'HVS.
498 1436 760 1488 ctanMEsrtta.
784 1442 926 1490 NVTRIX.

180 1596 268 1669 Quod
284 1604 399 1673 tempus
415 1597 513 1656 animo
529 1613 649 1674 semper
663 1615 698 1658 ac
713 1605 811 1658 mente
827 1597 943 1669 horrui,

137 1683 222 1742 adest
236 1681 371 1760 prolecto
387 1680 477 1742 rebus
493 1689 657 1741 extremum
675 1683 757 1743 meis.

138 1766 208 1846 quid
224 1774 309 1843 terga
324 1766 415 1826 uertis
431 1765 546 1826 anime?
570 1766 638 1844 quid
656 1767 751 1844 primo
767 1768 878 1846 impetu

139 1850 265 1929 deponis
279 1851 380 1910 arma?
403 1851 492 1910 crede
508 1851 670 1928 perniciem
688 1850 741 1910 tibi

138 1944 167 1996 ct
182 1935 247 1994 dira
264 1951 368 1994 saeuos
384 1933 442 1994 lata
459 1935 559 1995 moliri
574 1932 657 1995 deos.

138 2036 256 2098 oppone
271 2019 384 2078 cunctis
399 2017 458 2079 uile
474 2017 624 2096 suppliciis
638 2027 726 2096 caput

140 2103 311 2182 ferrumque
326 2111 356 2164 et
369 2104 453 2180 ignes
469 2111 590 2180 pectore
606 2104 733 2163 aduerso
750 2105 861 2183 excipe.

138 2187 275 2265 Aegistho
291 2204 351 2246 non
367 2193 411 2248 est
426 2205 521 2266 poena
537 2189 579 2248 sic
594 2196 662 2247 nato
678 2190 763 2247 mori.

179 2272 225 2332 Tu
241 2288 296 2332 nos
311 2271 414 2349 pericli
429 2274 508 2333 socia
524 2279 556 2332 tu
572 2271 650 2334 Leda
667 2279 728 2332 sata

138 2357 279 2417 comitare
293 2363 422 2417 tanturn:
446 2359 618 2434 sanguinem
635 2355 740 2417 reddet
754 2357 807 2417 tibi

136 2441 261 2517 ignauus
275 2441 332 2500 iste
348 2439 453 2500 ductor
468 2460 502 2501 ac
517 2442 602 2501 sortis
617 2451 710 2518 pater.

137 2524 189 2584 sed
204 2525 273 2603 quid
289 2531 452 2585 trementes
467 2526 573 2590 circuit
588 2524 683 2603 pallor
698 2542 804 2602 genas,

136 2607 295 2688 iacensque
310 2608 408 2669 uultus
423 2608 562 2687 languido
578 2615 682 2686 optutu
697 2611 814 2688 stupet?

181 2703 277 2752 corr.
300 2694 391 2752 Amor
403 2693 511 2772 'iugalis
526 2695 617 2754 uincit
633 2712 666 2754 ac
681 2693 771 2755 flectit
786 2702 876 2756 retro.

138 2775 308 2837 referamur
322 2776 407 2847 illuc,
425 2777 503 2838 unde
519 2796 578 2838 non
594 2779 692 2838 decuit
707 2780 792 2856 prius

135 2858 226 2921 abire.
258 2860 306 2921 uel
322 2879 401 2922 nunc
417 2869 495 2923 casta
511 2869 662 2941 repetatur
678 2863 759 2922 soles.

141 2991 341 3005 ..Q

201 3066 250 3115 221
269 3065 377 3115 Victrix
394 3063 420 3113 Ε
438 3064 528 3114 Vltrix
546 3065 571 3114 A
595 3061 608 3130 ll
631 3067 681 3115 223
698 3066 825 3130 Propone
844 3068 988 3120 eRBasil.
1003 3086 1050 3135 inp.

126 3124 278 3198 Praepone
297 3133 322 3182 A
345 3128 357 3197 ΙΙ
381 3133 430 3182 226
448 3129 523 3197 ipsa]
546 3148 563 3197 p
581 3135 608 3182 in
624 3147 676 3182 raa.
696 3134 732 3184 Ε2
756 3131 767 3199 ΙΙ
789 3134 929 3186 NVTRIX
947 3139 1008 3189 add.
1028 3137 1053 3186 E

122 3205 180 3244 ora
197 3201 222 3250 Α
245 3197 259 3267 p
281 3199 584 3265 cooperuimuste
606 3197 618 3267 u
642 3202 692 3250 aaa
710 3201 790 3254 cur.
808 3203 834 3252 A
853 3220 900 3255 om.
919 3206 945 3254 a
967 3203 979 3272 Η
1002 3207 1053 3256 aas

116 3256 218 3320 ABG.
234 3267 260 3318 A
279 3283 328 3322 orn.
345 3264 395 3334 El!
407 3269 457 3318 239
474 3267 568 3318 uultus
586 3270 716 3332 ehipsr'ns
733 3269 813 3319 uultu
831 3272 856 3321 A
868 3267 881 3336 ΙΙ
898 3276 1009 3336 optutus
1027 3271 1052 3320 E

113 3321 246 3386 ⁰1²&th
263 3336 289 3386 A
308 3335 409 3387 obwtu
426 3332 568 3468 Liffsiunjl
583 3337 631 3386 241
650 3336 812 3387 Referemus
830 3339 856 3387 E
873 3339 1052 3388 Referemur

95 3388 237 3520 {Gorgon
247 3402 413 3536 Rffmeemus
425 3403 450 3452 A
486 3405 535 3453 242
555 3405 605 3454 sed
621 3418 695 3454 nuno
707 3405 758 3454 EA
778 3404 823 3454 uel
835 3418 907 3454 nune
920 3404 1051 3473 inopt'imo
