2326 3922
149 199 189 262 16
420 215 451 262 u.
475 215 607 263 anunm
630 214 787 262 sunucau

105 369 133 419 η’
190 372 267 414 uua.
291 351 452 415 Demersus
468 372 501 415 ac
518 354 652 415 defossus
668 362 698 414 et
712 362 773 415 toto
789 356 912 433 insuper

147 454 307 517 oppressus
323 437 397 498 orbe
413 456 516 516 quarn
538 441 634 500 uiam
651 439 686 499 ad
704 457 829 517 superos
844 439 975 502 habet?
1035 449 1038 454 ’

147 543 247 583 aneu.
271 541 338 600 qna
348 541 376 582 ui
392 529 464 583 tunc
479 522 641 584 habebat
655 542 722 584 cum
732 541 786 602 per
798 531 932 585 arentem
948 525 1053 604 plagam

148 615 177 667 et
191 608 369 669 fluctuantes
384 625 468 668 more
483 608 593 668 turbati
608 609 697 667 maris

148 691 217 752 abiit
231 691 359 752 harenas
374 691 479 769 bisque
494 693 648 752 discedens
665 692 773 753 fretum
818 750 822 757 .

148 784 177 836 et
191 776 237 837 bis
252 793 413 838 recurrens
429 795 555 856 cumque
571 777 687 837 deserta
702 785 766 836 rate

147 861 310 940 deprensus
326 862 421 922 haesit
436 863 557 939 syrtium
574 860 719 922 breuibus
734 863 817 922 uadis

147 955 174 1005 et
190 962 290 1023 puppe
304 946 361 1005 fixa
377 947 468 1006 maria
484 946 637 1024 superauit
651 946 752 1023 pedes.

110 1026 127 1075 ¹¹
190 1042 274 1089 Muta.
299 1030 400 1109 Iniqua
417 1047 486 1090 raro
502 1030 635 1090 maximis
650 1030 809 1091 uirtutibus

147 1115 262 1175 fortuna
279 1116 384 1192 parcit.
408 1131 495 1174 nemo
512 1133 543 1176 se
560 1121 623 1174 tuto
639 1114 689 1174 diu

147 1197 287 1275 periculis
303 1200 412 1259 offerre
428 1207 487 1258 tam
503 1198 618 1260 crebris
634 1207 741 1278 potest.

150 1279 257 1365 [Cosas
273 1302 361 1359 quem
376 1301 468 1359 coepe
482 1287 595 1345 transit
607 1287 775 1359 olt'qoondo
790 1279 930 1366 inuenit]

105 1367 134 1424 n*
189 1368 247 1430 Sed
263 1386 333 1429 ecce
348 1386 455 1429 saeuus
470 1385 504 1428 ac
519 1368 614 1428 minas
629 1367 713 1429 uultu
729 1386 837 1446 gerens

147 1461 175 1513 et
190 1451 283 1531 qualis
299 1454 396 1513 animo
413 1460 458 1512 ost
472 1452 539 1514 talis
554 1454 671 1513 incessu
686 1455 770 1514 uenit

146 1534 241 1597 aliena
257 1537 361 1598 dextra
377 1544 492 1614 sceptra
510 1538 682 1598 concutiens
697 1538 802 1618 Lycus.
965 1551 989 1596 F.
1000 1551 1052 1593 vlu
1081 1553 1106 1602 35

108 1747 129 1798 h
190 1758 263 1799 nuc.
287 1738 372 1800 Vrbis
388 1758 495 1816 regens
510 1739 648 1820 opulenta
663 1740 808 1802 thebanae
823 1739 889 1801 loca

147 1831 175 1883 et
190 1841 277 1884 omne
296 1825 434 1903 quicquid
450 1824 535 1886 uberi
551 1826 643 1903 cingit
658 1824 721 1886 solo

146 1906 265 1985 obliqua
280 1907 396 1977 Phocis,
414 1908 551 1988 quicquid
567 1909 699 1970 ismenus
714 1911 798 1985 rigat,

148 1988 307 2074 [quicquid
322 1995 486 2056 Cithaeron
501 1997 615 2055 uertice
630 1998 710 2056 celso
725 1997 810 2055 uidet

146 2084 175 2136 et
189 2079 261 2137 bino
276 2079 415 2139 scindens
430 2081 557 2140 Isthmos
572 2083 661 2140 exilis
675 2074 775 2161 freta]

118 2175 129 2222 i
191 2160 254 2220 Non
272 2169 374 2223 uetera
389 2165 502 2240 patriae
516 2164 581 2223 iura
598 2164 735 2242 possideo
751 2163 857 2224 domus

144 2247 271 2322 ignauus
286 2246 385 2309 heres.
415 2247 531 2308 nobiles
546 2266 606 2308 non
621 2254 692 2309 sunt
706 2248 777 2307 mihi

145 2333 193 2390 aui
210 2348 264 2392 nec
279 2330 346 2391 altis
362 2331 495 2392 inclitum
510 2331 601 2393 titulis
617 2349 718 2410 genus,

144 2501 349 2510 -—-—-—-

213 2602 261 2649 321
286 2616 320 2650 ac
343 2616 454 2664 pressus
474 2608 501 2650 et
523 2604 550 2651 V
578 2597 590 2666 Η
620 2605 669 2652 322
688 2604 743 2652 uim
763 2601 839 2651 E¹V¹
868 2599 880 2666 Π
908 2603 959 2653 325
979 2601 1062 2664 abiit)

144 2669 162 2717 b
185 2669 262 2716 litera
279 2672 304 2717 tn
322 2685 375 2717 rao.
396 2665 432 2716 Ε2
461 2669 530 2718 adiit
549 2671 574 2719 P
593 2664 606 2736 Η
634 2672 683 2720 327
702 2670 812 2720 hositE
829 2667 901 2719 rexit
918 2671 946 2718 V
964 2667 976 2734 Η
1011 2672 1062 2721 328

144 2736 423 2800 superauit...pedes
443 2733 514 2797 (auit
530 2739 556 2786 in
574 2737 640 2798 ras.)
660 2738 684 2786 E
709 2733 721 2804 ΙΙ
749 2741 799 2788 330
821 2736 893 2799 tuto)
911 2739 985 2801 prius
1002 2742 1014 2786 t
1035 2740 1063 2786 in

144 2818 197 2852 ros.
217 2800 253 2849 E²
287 2799 299 2867 [l
333 2820 356 2856 u.
375 2806 425 2854 332
444 2803 570 2855 Eduardo
595 2807 729 2869 Woelfflino
748 2812 853 2856 auctore
877 2806 970 2869 lepitur
993 2807 1063 2856 inter

145 2870 259 2920 Senecae
282 2873 422 2921 sententias
444 2872 471 2921 in
492 2874 579 2923 codice
603 2875 723 2923 Purtsino
742 2875 810 2922 8049
832 2875 929 2922 saeculi
945 2872 1009 2922 XII
1029 2875 1062 2923 de

144 2954 193 3002 quo
211 2940 263 2987 uid.
276 2939 420 2989 Buecheler
442 2941 468 2988 in
482 2941 570 3004 prees.
589 2943 736 2991 Petronium
752 2958 779 3004 p.
795 2940 876 2989 XXI.
890 2940 984 2989 Publili
999 2939 1065 3005 Syri

144 3021 200 3055 esse
217 3013 280 3069 puto
299 3011 340 3057 eui
356 3009 501 3058 uindicatur
518 3008 550 3057 ab
568 3010 668 3059 illarum
685 3010 866 3058 sententiarum
883 3008 1023 3057 editoribus

145 3072 232 3132 Quem
251 3089 335 3139 saepe
355 3081 374 3124 t.
389 3092 412 3124 c.
426 3091 447 3124 co
471 3073 559 3125 Casus
578 3091 657 3140 quem
677 3092 698 3129 s.
712 3080 732 3124 t.
746 3077 778 3126 P.
791 3075 855 3138 Spru'
871 3076 930 3127 edd.
950 3092 973 3124 o.
993 3078 1028 3126 84

144 3142 281 3189 336-340
302 3143 428 3205 Meparae
446 3145 608 3193 conticeantur
623 3143 648 3192 A
677 3140 689 3204 ΙΙ
717 3145 767 3194 337
790 3143 877 3192 ubere
895 3142 973 3192 EVR
994 3143 1063 3193 ube·

144 3207 205 3255 riA
230 3205 241 3272 ΙΙ
265 3211 314 3259 338
332 3209 401 3259 fatis
424 3212 449 3258 V
471 3205 483 3276 ΙΙ
505 3226 651 3274 ysmeneus
668 3212 697 3259 V
714 3207 726 3276 ll
749 3228 790 3260 ure.
803 3212 852 3261 339
866 3211 918 3260 340
933 3213 1025 3260 sustuli

144 3277 195 3325 339
216 3282 278 3339 post
299 3277 349 3325 340
368 3280 468 3340 positus
485 3285 523 3327 ert
540 3278 598 3327 EV
627 3273 631 3344 Ι
674 3277 749 3328 celso
772 3280 797 3327 V
824 3278 933 3328 excelso
957 3277 1009 3326 EA

144 3345 195 3393 340
212 3342 341 3393 scindens
358 3346 405 3406 Vp
424 3344 528 3395 findens
546 3347 597 3394 EA
627 3345 632 3411 Ι
668 3348 717 3396 341
736 3347 822 3396 Licus
839 3343 955 3408 (sinistro
968 3347 1064 3411 marg.)

148 3413 195 3465 Vo
220 3409 335 3461 Lchs
356 3411 506 3464 MEGARA
526 3412 769 3464 AMPHITRYON
787 3415 812 3463 A
839 3409 875 3476 (E
893 3415 960 3479 Lyci
977 3416 1064 3465 oratio

144 3479 316 3541 coartinoatur)
341 3476 353 3544 Η
