2326 3922
418 199 618 248 AGAMEMNO

56 339 130 420 quid
146 341 211 419 ipse
226 345 316 400 temet
331 338 461 400 consulis
477 345 600 416 torques
614 353 702 414 rogas

57 443 96 485 an
113 424 217 484 deceat
232 422 289 483 buc
304 425 351 483 tel
375 423 490 502 respice
506 423 543 482 ad
558 431 699 482 matrem:
723 422 816 483 decet.

102 507 160 568 Sed
176 526 230 569 cur
244 514 368 586 repente
383 507 478 568 nectis
493 509 622 567 aestiuae
638 509 718 567 uices

56 592 182 653 hiberna
198 591 285 670 longa
301 593 392 669 spatia
408 591 577 670 producunt
591 608 675 651 mora

56 685 111 737 aut
125 677 195 755 quid
212 677 351 738 cadentes
366 677 477 738 detinet
493 674 591 736 stellas
606 674 693 754 polo?

54 760 212 822 Phoebum
228 779 389 822 moramur.
420 759 512 821 redde
528 761 586 819 iam
602 759 713 819 mundo
730 760 818 821 diem.

353 1053 355 1057 .
445 1024 592 1073 CHORVS.

258 1182 458 1260 Oregnorum
476 1182 591 1257 magnis
606 1179 693 1240 lallax

215 1266 331 1326 fortuna
348 1265 435 1326 bonis
450 1267 480 1324 iu
496 1265 649 1343 praecipiti

215 1349 364 1429 dubioque
380 1349 460 1410 locas
472 1350 562 1412 nimis
578 1347 719 1409 excelsos.

216 1452 374 1513 numquam
390 1432 536 1512 placidam
552 1440 669 1510 sceptra
685 1434 814 1512 quietem

215 1524 368 1580 certumue
383 1519 428 1578 sui
443 1525 567 1578 tenuere
579 1517 678 1587 diem,

215 1601 269 1662 alia
288 1621 323 1662 ex
339 1601 402 1663 aliis
418 1620 490 1662 cura
505 1603 609 1680 fatigat

215 1693 359 1766 uexatque
375 1688 488 1747 animos
504 1704 581 1746 ucua
598 1693 766 1764 tempestae

258 1854 322 1922 Nou
338 1855 381 1915 sic
396 1853 500 1934 libycis
516 1853 646 1932 syrtibus
661 1872 772 1932 aequor

215 1940 286 1999 lurit
301 1938 431 1999 alternus
448 1937 570 1999 uoluere
585 1937 707 2008 ductus,
745 1993 749 1997 .

215 2040 274 2081 nou
289 2023 395 2082 Euxini
411 2030 510 2101 turget
526 2022 563 2082 ab
578 2024 643 2082 imis

215 2115 351 2166 caumata
368 2107 451 2167 uadis

213 2191 292 2252 uuda
307 2190 398 2252 niuali
416 2192 515 2252 uicina
530 2189 614 2268 pelo,

214 2274 265 2335 ubi
281 2274 423 2336 caeruleis
438 2276 569 2334 inmunis
583 2276 666 2353 aquis
844 2346 848 2355 ι

218 2357 312 2419 lucida
328 2367 428 2420 uersat
443 2359 574 2438 plaustra
590 2359 708 2420 bootes.
818 2392 821 2396 <

259 2526 295 2586 Vt
310 2528 544 2605 praecipites
559 2544 663 2605 regum
680 2545 764 2586 casus

217 2610 334 2670 icrtuua
349 2618 436 2671 rutat.

217 2695 308 2754 metui
324 2696 446 2772 cupiunt
461 2696 614 2772 metuique
628 2696 743 2754 timent.

217 2796 275 2838 nou
292 2796 351 2839 uox
366 2778 421 2839 illis
437 2777 512 2838 alma
530 2796 666 2839 recessus

217 2861 341 2940 praebet
354 2869 448 2932 tutos,
466 2880 526 2924 nou
541 2881 682 2923 curarum

216 2963 337 3007 sumnus
353 2946 480 3007 demitur
495 2957 616 3025 pectora
633 2946 731 3007 soluit.

163 3109 265 3116 --a-.—

132 3201 163 3249 51
184 3198 262 3249 timet
280 3199 306 3248 Ε
334 3195 347 3265 Η
375 3197 587 3250 suademur.
609 3203 637 3248 at
655 3199 680 3248 Α
700 3206 777 3262 cup
803 3195 815 3264 ΙΙ
843 3199 877 3248 66
895 3196 981 3247 reddo

57 3269 144 3320 Gran.
160 3261 174 3332 ss
190 3267 222 3318 67
242 3265 265 3315 0
284 3282 332 3317 om.
350 3263 402 3332 rp'll
418 3268 450 3317 69
468 3267 502 3317 D.
518 3265 537 3316 1.
552 3265 677 3316 excelsos
693 3267 776 3316 nimis
794 3265 819 3314 Ε
836 3265 917 3314 nimis
937 3279 982 3313 ex-

57 3335 154 3386 celsos
172 3334 316 3384 LMuelter.
339 3335 374 3386 D.
392 3332 473 3383 nimis
492 3333 603 3384 excelsa
621 3332 698 3383 locas
716 3334 740 3382 A
771 3330 884 3397 excelse
901 3331 983 3380 nimis

56 3403 114 3454 Bo.
136 3397 149 3468 [Ι
169 3401 202 3451 62
221 3417 254 3452 ex
267 3401 331 3454 aliis
343 3417 365 3452 ω
383 3417 417 3452 ex
435 3400 497 3451 alia
516 3401 709 3464 Repicmoatani
725 3401 790 3451 liber
812 3395 825 3465 ll
849 3396 881 3450 63
898 3402 986 3449 uexat

58 3472 124 3535 (om.
143 3467 252 3534 quelli
280 3459 293 3535 [l
321 3470 354 3520 66
374 3467 477 3532 euxini)
497 3483 529 3519 eu
548 3471 574 3520 in
592 3483 646 3522 raa.
664 3467 702 3520 E³
729 3466 745 3538 ll

116 3567 237 3603 sturm
250 3567 327 3604 ratu,
747 3555 796 3622 m
