2326 3922
354 196 475 245 onerer
492 196 735 271 incensurum
941 181 1009 262 111,

10 340 59 400 u''
125 339 192 416 Ego
208 338 305 399 laticis
320 337 428 398 haustu
442 338 533 397 satior
549 344 598 396 aut
613 335 673 397 ullo
689 335 773 396 lruor

77 425 180 486 almae
195 423 327 503 parentis
342 421 485 482 munere?
508 439 562 500 ego
579 428 687 481 castam
704 438 823 480 manum

78 508 232 570 uelandus
247 506 428 568 incestificus
443 503 617 567 execrabilis

79 592 228 654 attrooto?
250 610 305 670 ego
321 589 397 652 ullos
412 609 485 651 aure
500 591 635 668 concipio
652 607 741 650 sonos

78 696 140 758 per
157 695 230 757 quos
245 677 378 756 parentis
393 693 502 736 nomen
518 682 568 736 aut
583 676 664 754 gnati
679 673 813 734 audiam?
1018 698 1069 748 ‘225

10 761 64 821 d'‘'
126 762 244 822 Vtinam
260 760 381 841 quidem
396 759 569 821 rescindere
584 758 638 820 has
653 760 768 836 quirem
784 758 848 819 uias

77 845 278 925 manibusque
294 845 404 906 adactis
419 863 507 905 omne
523 861 581 922 qua
596 861 687 905 uoces
703 851 802 904 meant

77 930 238 1010 aditusque
253 929 353 991 uerbis
368 931 487 990 tramite
502 937 627 1006 angusto
642 935 723 1006 patet

78 1032 190 1076 eruere
205 1033 322 1094 possem
338 1021 434 1091 gnata.
462 1016 519 1074 iam
536 1031 656 1074 sensum
672 1015 724 1080 tui,

78 1118 161 1177 quae
176 1118 246 1178 pars
261 1117 396 1160 meorum
413 1115 445 1160 es
460 1100 627 1168 criminum,
644 1096 744 1158 infelix
761 1104 844 1175 pater

77 1186 272 1263 fugissem.
675 1233 680 1240 .

42 1293 63 1326 a
307 1267 445 1330 lnhaeret
460 1286 494 1334 ac
508 1267 692 1330 recrudescit
707 1266 791 1326 neias

79 1353 209 1415 subinde
225 1360 253 1414 et
268 1370 357 1415 aures
371 1353 511 1432 ingerunt
525 1351 664 1432 quicquid
679 1351 752 1412 mihi

79 1438 215 1499 donastis
230 1437 316 1499 oculi.
348 1455 401 1498 cur
417 1445 505 1516 caput
518 1436 651 1498 tenebris
667 1455 758 1512 graue

77 1540 142 1584 non
160 1524 242 1583 mitto
258 1522 294 1582 ad
311 1521 431 1583 umbras
446 1521 518 1582 Ditis
534 1521 664 1583 aeterni?
688 1520 760 1600 quid
775 1520 825 1580 hic

77 1624 185 1668 manos
200 1624 282 1668 meos
296 1607 436 1668 detineo?
458 1606 528 1686 quid
544 1615 655 1667 terram
672 1623 764 1683 grano

76 1693 250 1771 mixtusque
264 1693 380 1770 superis
396 1691 483 1752 erro?
506 1691 575 1770 quid
591 1698 684 1752 restat
698 1689 785 1752 mali?

30 1773 61 1831 α’
122 1775 258 1855 Regnum
273 1771 412 1855 parentes
426 1775 514 1837 liberi
528 1777 623 1837 uirtus
637 1793 756 1855 quoque
854 1844 859 1849 ,

77 1870 109 1922 et
123 1862 225 1938 ingeni
240 1860 358 1921 solertis
373 1861 510 1922 eximium
528 1861 618 1922 decus

75 1946 212 2024 periere:
236 1953 343 2007 cuncta
358 1963 423 2007 sors
439 1945 512 2006 mihi
527 1945 632 2006 infesta
648 1943 777 2006 abstulit.

76 2030 220 2095 lacrimae
235 2038 422 2108 supererant,
438 2030 492 2092 has
507 2048 625 2109 quoque
641 2031 750 2108 eripuit
766 2030 848 2092 mihi.
868 2062 905 2074 -
1015 2050 1066 2099 240

77 2113 199 2175 absiste.
223 2112 320 2176 nullas
334 2117 448 2176 animus
464 2115 591 2175 admittit
605 2132 710 2194 preces

77 2216 250 2278 nouamque
264 2217 392 2278 poenam
408 2199 571 2261 sceleribus
586 2202 701 2279 quaerit
714 2217 827 2278 parem.

41 2285 62 2335 d
122 2282 162 2344 Et
177 2300 241 2345 esse
255 2300 311 2361 par
325 2302 402 2364 quae
416 2285 543 2364 poterit?
565 2284 670 2345 infanti
686 2303 804 2363 quoque

76 2368 200 2429 decreta
216 2385 316 2428 mors
331 2376 384 2430 est
414 2370 549 2430 uideram
565 2369 695 2430 nondum
712 2369 790 2430 diem
962 2387 1022 2436 244ι
1035 2386 1101 2438 2451>

77 2452 217 2532 uterique
231 2452 363 2514 nondum
379 2452 527 2515 solueram
544 2453 635 2514 clausi
649 2471 750 2516 moras
944 2482 1101 2526 qxxxxflp

77 2545 109 2597 et
125 2538 185 2598 iarn
201 2537 336 2599 omebar.
365 2540 502 2616 protinus
517 2539 660 2617 quosdam
676 2539 770 2599 editos
791 2543 795 2602 ζ

78 2639 139 2682 nox
157 2623 316 2701 occupauit
330 2630 358 2684 et
375 2640 471 2685 nouae
486 2622 545 2684 luci
560 2621 688 2693 abstulit,

37 2699 66 2757 (Γ
124 2705 226 2768 Mors
241 2724 289 2768 me
305 2709 471 2769 antecessit.
499 2708 556 2768 lata
573 2709 637 2787 quis
653 2716 711 2768 tam
727 2708 821 2769 tristia
965 2726 1025 2775 249Ι
1037 2721 1101 2774 244ιι

74 2791 201 2852 sortitus
215 2794 374 2871 umquam?
397 2791 502 2873 aliquis
515 2794 592 2854 intra
609 2794 722 2854 uiscera
963 2811 1023 2859 245ἃ
1035 2807 1099 2858 eleb

74 2883 214 2936 materna
229 2874 322 2937 letum
337 2879 513 2957 praecoquis
529 2877 581 2939 lati
596 2877 670 2948 tulit,

144 3062 196 3111 220
219 3074 297 3112 meas
316 3061 342 3112 Ε
369 3063 432 3114 uias
450 3063 475 3112 A
510 3059 523 3129 Ι]
562 3065 611 3114 229
639 3078 749 3114 sensum
771 3065 812 3113 tui
831 3064 856 3113 A
886 3079 997 3115 sensum

74 3130 158 3208 situi
173 3128 202 3179 Ε
223 3127 278 3193 (tui
294 3144 365 3182 corr.
382 3146 418 3182 eae
436 3131 482 3180 cui
499 3147 516 3181 a
533 3131 603 3194 1m.)
629 3147 651 3181 s.
672 3131 725 3181 alr!
745 3131 786 3181 tui
802 3134 834 3182 ei.
849 3132 957 3183 Istron.
974 3129 987 3199 ΙΙ

73 3214 125 3265 230
144 3213 292 3264 criminum
311 3229 342 3266 ee
359 3216 385 3265 A
406 3213 584 3267 doriminum
602 3217 627 3264 E
649 3212 662 3281 d
689 3218 739 3266 233
759 3217 885 3283 negastis
902 3217 928 3266 A
948 3217 996 3267 do·

74 3280 166 3331 nantia
177 3280 204 3331 E
217 3289 235 3334 l.
250 3281 294 3334 Gr.
317 3277 333 3351 ss
353 3285 405 3336 234
421 3287 552 3335 aeternos
563 3285 588 3334 A
609 3284 717 3334 aeterni
730 3284 756 3333 E
778 3281 790 3351 ΙΙ
813 3286 863 3336 240
877 3284 996 3348 eripuiA

72 3349 178 3416 eripuit
195 3346 223 3401 lt
238 3355 259 3405 t.
280 3350 359 3407 Gran.
389 3347 401 3418 d
429 3353 608 3418 242q>atrem
625 3351 651 3400 E
680 3367 775 3416 parem
792 3353 818 3402 A
848 3352 859 3418 d
888 3353 938 3400 243
962 3355 998 3399 at

72 3419 105 3467 ci.
118 3416 172 3469 Bo.
196 3413 212 3484 ΙΙ
233 3419 285 3470 248
302 3432 357 3472 nox
374 3436 396 3470 ω
414 3435 467 3470 nex
486 3437 504 3471 α
527 3417 539 3487 Η
561 3420 634 3470 lueis
651 3419 677 3468 E
694 3420 750 3469 luoi
768 3422 792 3470 A
817 3416 829 3485 ll
851 3417 915 3468 24411
934 3419 996 3468 245·

71 3485 119 3536 dee
137 3486 276 3537 reuocata
292 3487 358 3538 nn.
379 3482 392 3555 1]
420 3490 470 3540 250
487 3491 637 3552 praecoqui
657 3503 675 3537 ot
696 3487 843 3552 precoquis
860 3486 910 3550 Εψ
922 3481 935 3552 ΙΙ
