2326 3922
434 214 612 263 THYESTES

24 368 47 422 ρ’
105 358 142 416 nt
156 356 207 433 qui
223 355 338 416 lanoris¹
350 354 475 434 gloriam
490 356 557 415 ueri
571 355 653 434 petit,

62 442 162 500 animo
178 441 273 518 magis
289 457 376 519 quam
393 458 467 500 uoce
482 438 629 500 laudari
645 438 735 500 nolet.
997 457 1048 507 210

58 538 139 583 Arte.
167 523 249 585 lans
263 543 334 585 uera
352 531 381 585 et
396 523 502 585 humili
518 541 606 602 saepe
622 525 771 601 contingit
782 526 857 595 uiro,

59 626 121 668 non
136 608 192 668 nisi
207 611 321 687 potenti
336 608 417 670 lalsa.
445 608 525 686 quod
540 608 659 678 nolunt,
675 607 775 670 uelint.

60 707 136 754 sar.
161 711 225 754 rer
242 693 314 753 uelit
329 695 501 754 honesta:
523 711 610 753 nemo
626 711 685 754 non
702 693 803 754 eadem
822 692 910 754 uolet.

17 795 49 852 ς’
97 790 177 838 arn.
198 778 384 858 Vbicumque
399 787 513 839 tantum
528 778 687 840 honesta
703 780 865 840 dominanti
879 777 978 850 licent,

60 865 199 941 precario
215 869 366 941 regnatur.
997 877 1046 930 215

60 961 135 1007 sar.
398 946 450 1008 ubi
466 965 524 1006 non
541 954 585 1009 est
599 948 705 1026 pudor,

59 1050 118 1092 nec
134 1049 206 1092 cura
222 1033 309 1102 iuris,
331 1034 517 1093 sanctitas
532 1035 654 1111 pietas
670 1033 781 1095 tides:

59 1116 197 1177 instabile
213 1134 339 1194 regnum
355 1123 407 1177 est.
485 1187 486 1199 χ

61 1195 139 1262 aria.
442 1202 628 1262 sanctitas
648 1203 772 1280 pietas
793 1202 888 1263 lides

58 1287 174 1364 priuata
189 1283 269 1345 bona
285 1293 367 1355 sunt,
384 1302 440 1365 qua
457 1287 538 1346 iuuat
553 1304 665 1364 reges
681 1292 758 1347 eant.

10 1387 48 1445 cm
103 1383 176 1431 sar.
204 1369 293 1430 Nelas
309 1388 417 1431 nocere
433 1369 482 1432 uel
498 1369 575 1431 malo
591 1370 675 1431 tratri
691 1377 774 1448 puta.

60 1469 140 1514 nnn.
169 1454 214 1514 las
229 1461 273 1515 est
288 1455 317 1515 in
333 1454 382 1516 illo
399 1455 538 1534 quicquid
553 1456 585 1515 in
601 1456 692 1517 lratre
708 1461 753 1516 est
767 1457 862 1517 nefas:
994 1469 1045 1519 220

57 1539 128 1618 quid
146 1541 225 1599 enim
241 1538 361 1617 reliquit
376 1538 500 1600 crimine
515 1541 675 1608 intactum,
692 1546 743 1601 ant
756 1540 809 1601 uhi

57 1622 164 1683 sceleri
179 1625 332 1702 pepercit?
349 1623 521 1704 [coniopem
536 1633 643 1701 stupro
658 1628 791 1702 abstulit,

56 1726 246 1784 repetamque
256 1708 373 1789 forto]
400 1710 550 1787 specimen
566 1711 718 1788 antiquum
733 1713 840 1791 imperi

58 1792 164 1852 fraude
181 1800 226 1853 est
240 1793 374 1871 adeptus,
391 1793 496 1854 fraude
511 1793 643 1855 turbauit
658 1794 788 1856 domum.

23 1873 39 1921 d
102 1876 155 1936 Est
170 1875 289 1956 Pelopis
304 1877 370 1938 altis
384 1877 484 1938 nobile
499 1880 530 1938 in
546 1879 667 1940 stabulis
682 1897 782 1958 pecus,
994 1889 1044 1940 225

57 1978 186 2021 arcanus
202 1964 295 2032 aries,
311 1964 417 2024 ductor
432 1961 565 2041 opulenti
580 1965 687 2043 gregis.

55 2045 168 2107 huius
183 2064 238 2125 per
255 2065 342 2109 omne
357 2065 465 2126 corpus
481 2049 574 2109 effuso
591 2067 676 2121 corna

55 2130 207 2207 dependet
222 2150 308 2202 auro,
325 2140 445 2210 tergore
458 2151 500 2195 ex
514 2135 602 2195 leuius
617 2134 689 2194 noui

56 2222 161 2276 aurata
176 2231 265 2292 reges
279 2224 396 2295 sceptra
411 2217 531 2279 tantalei
546 2225 662 2296 gerunt.

20 2306 44 2361 ‹t'
102 2300 263 2360 Possessor
277 2301 389 2362 huius
403 2310 523 2380 regnat,
539 2303 619 2364 hunc
636 2311 761 2364 cunctae
776 2304 881 2363 domus
992 2311 1043 2361 230

55 2383 176 2444 fortuna
192 2387 337 2464 sequitur.
364 2394 427 2448 tuta
442 2390 569 2465 seposita
584 2406 670 2449 sacer

54 2471 85 2528 in
102 2476 189 2546 parte
204 2472 282 2549 capit
297 2478 389 2549 prata,
407 2489 482 2548 qnae
498 2471 588 2532 cludit
603 2472 684 2552 lapis.

57 2549 176 2638 [fatale
189 2572 284 2616 saxeo
294 2574 443 2632 pascuum
459 2575 546 2619 muro
561 2553 689 2640 tenena]

123 2944 175 2992 211
193 2943 253 2992 niro
267 2942 292 2991 E
310 2940 415 3008 (literae
433 2946 474 2996 iro
492 2963 509 2996 a
521 2949 537 2995 2
550 2945 591 3010 m.)
616 2941 628 3012 ΙΙ
651 2947 701 2996 214
718 2946 806 2997 licent
824 2946 848 2995 E
867 2936 915 3011 (tit.
929 2949 977 2996 ent

55 3026 71 3058 a
88 3014 104 3060 2
121 3010 168 3075 m.)
196 3005 209 3076 [Ι
238 3013 288 3062 220
306 3013 386 3073 nelos
403 3012 430 3062 Ε
449 3013 496 3077 (tit.
514 3014 557 3063 fao
575 3017 624 3063 112⁴
637 3014 680 3079 m.)
704 3011 716 3080 ss
740 3017 788 3065 221
812 3014 926 3079 reliquit
950 3014 975 3064 Ε

53 3081 140 3135 (serit
159 3095 222 3128 am.
239 3082 256 3129 2
273 3081 301 3128 in
317 3096 373 3132 rac.
397 3079 516 3147 reliquid
538 3080 603 3144 E¹?)
645 3078 656 3150 ΙΙ
696 3083 761 3133 2222
790 3085 851 3134 223³
874 3085 976 3134 contulit

55 3147 118 3196 ΕΡ.
143 3141 156 3213 ΙΙ
179 3149 229 3197 222
248 3146 342 3199 inluso
359 3148 383 3198 A
402 3148 489 3200 effuso
507 3150 533 3199 E
555 3146 567 3216 ss
589 3151 640 3201 228
659 3151 796 3216 dependet
814 3149 850 3200 Ε2
874 3147 885 3218 ΙΙ
913 3152 975 3201 uiro

56 3214 80 3263 Ε
102 3229 174 3265 euro
191 3215 216 3265 A
235 3212 248 3283 ΙΙ
271 3217 384 3283 cuiune
401 3221 480 3284 tergo
498 3235 519 3269 ω
539 3222 657 3282 tergore
682 3235 722 3268 ex
739 3221 825 3270 huius
844 3218 938 3269 ci.Bc.
953 3214 965 3282 Ι]

56 3285 104 3333 229
123 3281 255 3333 tantalioi
268 3285 309 3335 Αε
335 3284 439 3335 tantali
456 3286 497 3335 dd
514 3286 642 3336 tantalei
660 3289 720 3351 Lip.
738 3283 750 3354 Η
771 3291 822 3339 230
839 3289 935 3336 tantae
949 3285 975 3333 A

57 3349 346 3471 annumerasti}
373 3356 424 3404 233
445 3369 525 3405 sacro
543 3364 717 3420 pascuumrp
745 3371 829 3406 saxeo
852 3366 937 3418 pecus
957 3367 975 3400 α

58 3433 141 3470 saxeo
159 3434 295 3484 pascuum
355 3430 379 3486 op
399 3417 411 3490 Η
434 3438 508 3472 more
525 3430 549 3487 ψ
567 3439 643 3474 muro
660 3424 687 3473 Ε
698 3429 716 3473 t.
732 3423 776 3474 Gr.
791 3433 842 3489 οιψ
853 3421 897 3485 (R)
916 3434 974 3469 ner⁴

57 3502 107 3537 aum
121 3489 222 3539 'deleuit
233 3488 387 3544 LMaeller.
405 3494 519 3542 lacunam
531 3495 548 3541 2
561 3508 677 3542 aaronem
688 3496 778 3542 statuit
796 3493 859 3543 ΕΡ.
884 3484 896 3554 ΙΙ

725 3572 769 3637 5*
