2326 3922
377 212 558 260 nnncvnus
576 199 765 282 [onrauvs]
968 201 1030 264 379
1075 212 1077 216 ’

107 355 162 414 hic
178 354 278 414 uincet
294 354 419 424 animus,
451 361 535 430 capta
552 355 712 431 praeripiet
727 354 826 414 torosi
1048 368 1098 417 290

107 438 209 498 adhuc
224 436 364 498 timebam
381 443 528 506 monstra,
546 437 602 496 iam
619 436 731 497 nullum
747 447 792 499 est
807 437 926 500 malum.

108 540 231 583 cessere
246 529 358 601 pestes,
375 523 404 580 iu
421 521 519 582 locum
535 523 617 581 uenit
633 523 713 582 ferae

109 609 205 668 inuisa
221 605 333 684 paelex.
365 624 479 666 summe
494 623 549 684 prc
565 613 664 666 rector
681 609 768 666 deum

108 700 141 753 et
157 691 236 751 clare
252 691 337 751 Titan
353 689 489 751 Herculis
503 698 617 751 tantum
634 689 677 750 fui

109 778 241 836 coniunx
257 776 395 836 timentis.
427 783 495 835 uota
511 793 587 851 quae
603 778 719 853 superis
735 774 801 844 tuli,

108 878 229 921 cessere
245 867 360 938 captae,
378 859 482 938 paelici
498 858 568 920 felix
583 859 634 920 fui.

110 944 153 1005 illi
168 963 251 1004 meas
267 944 388 1005 audistis
404 962 421 1003 ο
437 945 537 1021 superi
552 962 667 1021 preces.

109 1027 265 1090 incolumis
280 1028 322 1088 illi
337 1037 459 1090 remeat.
490 1047 508 1088 ο
523 1028 602 1088 nulla
619 1028 704 1095 dolor

113 1121 251 1174 contente
266 1131 362 1192 poena
378 1130 489 1189 quaere
505 1112 649 1192 supplicia
666 1113 785 1174 horrida

109 1198 268 1274 incogitata
283 1198 414 1258 infanda.
445 1199 588 1258 Iunonem
604 1199 678 1258 doce

109 1282 178 1360 quid
196 1283 263 1342 odia
278 1281 411 1343 ualeant:
435 1285 529 1344 nescit
543 1284 631 1343 irasci
646 1284 726 1343 satis.

109 1385 163 1445 pro
181 1385 228 1427 me
244 1366 369 1444 gerebas
385 1365 478 1437 bella,
495 1375 618 1445 propter
634 1386 681 1427 me
697 1385 787 1445 uagas

109 1451 256 1512 Achelous
270 1452 365 1512 undas
380 1453 523 1529 sanguine
538 1453 725 1521 infecit-suo,

108 1553 176 1596 cum
192 1536 271 1596 lenta
287 1553 411 1614 serpens
426 1537 525 1605 fieret,
543 1538 573 1595 in
589 1545 707 1596 taurum
724 1545 838 1597 trucem

109 1637 189 1681 nunc
204 1620 337 1681 flecteret
351 1629 490 1699 serpente
507 1621 638 1699 deposita
655 1623 764 1690 minas,

108 1712 140 1765 at
155 1703 237 1765 mille
253 1707 280 1764 in
297 1705 381 1765 hoste
395 1707 532 1766 uinceres
548 1722 607 1764 uno
625 1706 712 1766 feras.
766 1752 771 1765 .

108 1790 165 1849 iam
182 1788 386 1868 displicemus,
404 1798 488 1869 capta
504 1789 633 1867 praelata
650 1798 694 1850 est
709 1791 791 1851 mihi.

108 1891 167 1933 non
182 1875 383 1952 praeferetur:
408 1877 458 1951 qui
475 1873 536 1934 dies
551 1873 672 1935 thalami
687 1874 807 1935 ultimus

106 1959 201 2019 nostri
217 1964 261 2017 est
275 1958 405 2029 futurus,
423 1959 472 2018 hic
488 1961 544 2019 erit
559 1962 637 2019 uitae
652 1966 728 2020 tuae.

104 2042 176 2121 quid
192 2043 269 2102 hoc?
292 2043 404 2104 recedit
419 2044 535 2104 animus
551 2051 578 2104 et
594 2045 677 2121 ponit
693 2045 801 2113 minas,

104 2128 164 2186 iam
180 2135 279 2187 cessat
293 2129 347 2188 ira.
378 2127 448 2207 quid
464 2128 556 2188 miser
571 2126 693 2203 langues
710 2127 813 2188 dolori

105 2211 207 2290 perdis
222 2213 373 2281 furorem,
391 2213 524 2290 coniugis
539 2213 645 2273 tacitae
660 2213 748 2273 iidem

105 2295 176 2355 milri
193 2295 292 2355 reddis
299 2299 426 2357 iterum.
459 2296 528 2375 quid
544 2306 627 2357 uetas
642 2297 776 2358 flammas
792 2296 848 2358 ali?

101 2380 174 2460 quid
192 2380 303 2458 frangis
318 2382 419 2459 ignes?
443 2381 522 2441 hunc
537 2382 610 2441 milti
625 2400 711 2443 serua
728 2383 880 2461 impetum.
903 2419 946 2428 -

104 2482 192 2542 pares
209 2482 339 2535 eramus,
357 2484 417 2526 non
433 2473 496 2526 erat
512 2468 589 2526 uotis
604 2484 689 2544 opus

103 2549 200 2609 aderit
215 2567 344 2610 nouerca
360 2569 437 2630 quae
453 2568 558 2611 manus
574 2560 691 2612 nostras
706 2561 792 2629 regat

104 2652 159 2694 nec
174 2635 321 2695 inuncata.

102 2732 207 2778 uvrn.
362 2720 440 2798 quod
456 2737 543 2797 paras
560 2721 681 2781 demens
697 2720 811 2782 scelust

104 2804 233 2880 perimes
249 2805 387 2864 maritum
404 2807 487 2866 cuius
503 2813 653 2866 extremus
669 2806 733 2865 dies

103 2889 277 2967 primusque
293 2886 395 2949 laudes
411 2891 494 2949 nouit
510 2899 538 2950 et
554 2889 635 2950 caelo
652 2898 738 2952 tenus

102 2980 201 3034 erecta
219 2981 314 3034 terras
330 2973 406 3034 fama
422 2976 590 3054 suppositas
605 2974 713 3036 habeti
1040 2985 1090 3035 320

168 3227 220 3276 29³
238 3229 380 3359 protector
398 3244 420 3277 ω
437 3228 624 3292 proh'rector
641 3230 755 3292 Lipsius.
781 3225 793 3294 ss
816 3231 865 3280 306
883 3190 921 3278 El
933 3247 960 3279 ·ω
978 3230 1021 3278 Vt

101 3296 202 3358 scripsi.
232 3289 237 3359 Ι
273 3293 323 3345 308
345 3296 514 3359 perferetur
535 3297 585 3348 Bo.
615 3293 627 3363 ll
657 3298 706 3346 310
728 3295 834 3346 recedit
857 3314 878 3346 ω
907 3296 1021 3346 resedit

109 3360 319 3412 Wueatemanmae
330 3358 342 3429 ll
354 3363 402 3413 311
416 3364 502 3416 cessit
513 3365 554 3414 εΑ
573 3364 693 3414 cecidit
709 3366 750 3413 uel
767 3367 871 3413 cessat
883 3364 1000 3414 Iortimts
1013 3360 1021 3430 ll

103 3429 151 3478 312
169 3429 275 3480 tacitae
294 3428 320 3478 E
338 3435 455 3482 sanctae
475 3433 499 3481 Α
522 3429 533 3497 Η
555 3434 605 3482 315
623 3437 716 3497 patres
735 3431 760 3480 E
783 3446 864 3495 pares
883 3432 909 3481 Α
932 3427 946 3498 ll
969 3432 1023 3482 eri·

104 3509 160 3546 mus
178 3496 315 3548 ER1011
334 3512 442 3550 eramus
460 3496 510 3565 All
523 3501 576 3550 erit
594 3502 634 3552 εΑ
655 3504 716 3552 erat
736 3497 862 3569 RBO.ll

872 3614 891 3645 ἱ
