2326 3922
165 206 256 253 xv111
394 273 395 276 Ἴ
541 203 740 250 rnnnrnrro

169 365 271 422 iactum
289 372 331 420 est
347 373 378 420 ut
394 363 467 436 quod
484 364 512 417 E
526 363 627 420 uitiose
640 363 786 436 descripsit
802 363 826 418 id
843 365 869 418 in
886 362 1015 436 uolgares
1031 362 1119 420 libros

169 449 340 506 emendatum
357 448 496 505 transiret.
529 449 641 506 Praesto
658 456 722 504 sunt
744 447 864 522 exempla
881 449 946 503 satis
961 446 1118 505 luculenta:

380 567 409 621 E
558 578 561 584 ·
868 565 898 620 Α

214 652 234 707 'l
252 650 291 706 72
315 659 420 706 mutare
436 653 510 724 ipse
650 667 686 705 rn.
704 650 778 724 ripas

166 735 291 793 013342
315 736 480 810 frigiamque
490 734 622 791 [lammam
650 735 840 809 frugemque
869 735 975 791 flamma
995 738 1117 792 metite

318 828 346 876 et
361 822 458 876 eterias
476 817 522 876 tali
537 819 588 874 soli
692 820 821 876 natalis
837 819 890 876 soli

196 906 216 960 P
234 905 295 962 686
319 913 423 962 tantum
440 903 566 960 3333133
650 905 739 960 titan
757 913 792 960 tu
807 903 884 961 nelas

215 989 296 1047 1005
319 989 464 1045 luctificam
495 986 620 1062 (repetit.
651 1005 815 1062 quassam·

318 1091 347 1129 ex
365 1091 390 1128 u.
406 1070 498 1143 1004)

209 1158 290 1215 1066
313 1173 396 1231 agros
649 1159 759 1232 Argos

164 1244 214 1315 Ag.
231 1240 291 1298 162
312 1241 395 1313 lango
649 1241 776 1316 langore

213 1336 215 1341 ·
229 1325 289 1382 299
313 1326 363 1382 sub
379 1342 448 1401 rupe
465 1327 594 1382 reductus
650 1326 789 1403 surripere
804 1325 901 1382 doctus

208 1410 289 1468 1017
313 1412 436 1468 semitam
599 1429 600 1432 ¹
650 1410 775 1466 seminam

172 1495 215 1551 Tn
229 1493 289 1550 642
314 1496 385 1551 31333
649 1510 712 1550 3333
819 1554 823 1567 q

229 1577 290 1634 644
314 1587 405 1634 uxtem
649 1586 738 1634 uatem

229 1662 289 1719 779
312 1671 396 1735 31333
647 1664 692 1717 331

229 1746 290 1803 933
312 1745 387 1801 ntille
403 1746 513 1801 nauium
646 1744 796 1801 Menelaum

208 1830 291 1888 1050
313 1832 440 1886 meritum
647 1847 719 1887 mare
736 1847 796 1886 curn

162 1916 212 1971 Hn
227 1913 290 1971 404
313 1914 453 1970 33111333
469 1930 548 1987 quem
646 1917 704 1970 uoti
721 1931 800 1987 quem
817 1916 874 1971 loui

168 2037 169 2042 κ
229 1998 288 2056 732
312 2001 357 2055 uin
393 2015 503 2072 quoque
543 2014 618 2054 mon·
645 1999 691 2054 uin
706 2016 778 2072 queo
795 2017 830 2055 m.
848 1999 940 2073 eloqui

316 2092 403 2140 strum
420 2082 514 2139 elocor

227 2166 288 2225 895
312 2168 438 2223 tiriestem
458 2169 524 2222 titan
546 2166 618 2240 lugit
645 2168 704 2241 ipse
721 2184 762 2222 me
779 2168 808 2223 Τ.
827 2168 844 2223 1.

227 2251 289 2309 974
311 2252 357 2308 lux
372 2251 418 2307 illa
434 2253 513 2307 sistat
643 2251 690 2307 lun
706 2251 769 2307 uilis
785 2253 838 2307 1313
855 2261 897 2308 331

206 2336 287 2395 1257
312 2336 411 2393 3333113
427 2336 536 2409 penitus
644 2335 719 2392 ibera
736 2336 813 2409 calpe
829 2337 894 2392 litus

206 2422 287 2477 1277
312 2420 568 2494 uagastymplalida
644 2437 715 2494 uaga
730 2421 906 2494 symplegade

207 2504 287 2562 1382
312 2506 402 2577 311333
418 2522 498 2575 casus
644 2505 738 2560 auidae
752 2504 887 2560 Caucasus

226 2638 296 2695 llaec
323 2640 412 2694 omnia
436 2638 627 2712 neglegentiae
657 2640 750 2696 librari
776 2641 805 2694 E
827 2640 961 2696 malumus
988 2639 1111 2697 tribuere

162 2740 242 2798 quam
254 2725 313 2779 eius
325 2724 370 2796 qui
383 2725 408 2779 Α
423 2723 609 2781 recensionem
622 2726 768 2798 conposuit
784 2725 905 2798 ingenio.
935 2723 1027 2798 Neque
1042 2741 1110 2781 uero

161 2809 260 2864 desunt
283 2807 337 2864 loci
367 2808 412 2865 ubi
440 2808 585 2865 deterioris
612 2811 782 2866 recensionis
808 2817 905 2865 auctor
928 2811 1037 2864 ueriora
1064 2808 1113 2865 de·

162 2894 305 2968 scripserit
326 2909 407 2965 quam
429 2893 504 2949 31133.
554 2893 600 2951 Sic
621 2894 642 2949 0
664 2893 726 2953 250
749 2896 809 2968 3313
831 2910 885 2949 333
908 2893 983 2950 malit
1004 2909 1065 2949 cum
1087 2896 1111 2947 Α

162 2979 288 3051 amplecti
311 2978 423 3034 neritum
448 2978 674 3052 ‘prohibent'
699 2996 760 3036 cum
781 2980 810 3034 ui
832 2978 945 3052 quadam
961 2977 1109 3050 repetitum

162 3078 242 3137 quam
258 3063 328 3118 male
344 3064 509 3137 adscriptum
525 3063 592 3120 illud
607 3059 784 3137 ε8313133,
809 3063 852 3119 331
867 3062 932 3118 ihil.
950 3061 1011 3118 343
1029 3062 1111 3118 ‘uul-

162 3157 218 3204 tum
235 3147 414 3222 olrliqnat'
430 3166 500 3224 quae
515 3151 650 3222 scriptura
668 3157 695 3205 et
710 3151 797 3222 ipsius
809 3147 928 3204 Senecae
944 3145 976 3218 (T
993 3145 1065 3216 160)
1082 3155 1110 3201 31

160 3233 249 3292 Ouidii
271 3232 305 3304 (11
327 3234 369 3289 Vll
389 3233 462 3306 412)
482 3234 575 3290 uerbis
596 3233 771 3290 confirmatur
791 3248 841 3306 pro
866 3249 899 3288 eo
920 3230 994 3304 quod
1014 3231 1043 3284 E
1062 3245 1109 3286 en-

160 3317 237 3376 hibet
257 3318 380 3374 ‘uultum
402 3318 511 3376 solis'
534 3319 579 3375 uel
600 3318 697 3376 11985
722 3316 966 3389 ‘marcentque
988 3314 1107 3387 Tempe'

68 3419 73 3426 ·
160 3421 209 3476 pro
233 3405 432 3478 ‘Macetumque
448 3400 559 3476 Tempe'
581 3411 609 3459 et
631 3421 700 3477 3333
716 3411 780 3459 sunt
795 3400 913 3458 similia?
939 3398 1108 3472 Quamquam

160 3505 215 3544 non
236 3491 274 3546 ita
294 3505 409 3562 magnus
430 3497 473 3544 est
494 3488 589 3546 talium
610 3489 795 3564 exemplorum
815 3502 955 3543 numerus.
993 3483 1108 3541 Accedit
