2326 3922
166 214 205 262 VI
540 210 739 287 PRAEFATlO

167 373 222 430 Plr.
241 371 303 430 154
318 387 468 445 suspensae
483 371 512 425 E
532 371 665 428 sollicitae
681 371 706 425 A
734 371 754 426 P
771 371 831 428 283
854 372 1012 427 moderatur
1027 373 1056 427 E
1075 374 1118 430 ia-

168 458 276 516 culatur
290 458 315 512 A
331 456 430 530 quibus
446 456 576 512 accedunt
591 459 733 512 innumera
748 455 775 510 id
791 472 877 528 genus
893 456 954 512 alia.

231 541 303 596 Haec
319 549 346 596 01
362 557 431 614 0000
444 550 509 599 0001
524 540 622 596 similia
633 541 746 614 adparet
760 541 798 596 ita
813 558 868 596 non
880 542 1116 615 posseexpticart

167 634 198 683 ut
214 625 300 682 altera
315 627 451 699 scriptura
467 626 595 682 etaltera
611 634 658 681 aut
673 626 819 699 deprauata
836 634 883 682 aut
894 625 987 681 librari
1004 625 1117 682 libidine

166 718 272 769 mutata
286 718 331 765 ant
348 710 544 784 interpretandi
556 727 653 766 caussa
668 710 804 783 adscripta
819 727 879 767 esse
892 711 1007 766 dicatur.
1030 710 1116 767 bnmo

168 797 214 851 uix
226 803 268 851 est
279 795 390 851 dubium
403 795 469 868 quin
481 803 598 869 utraque
609 795 726 868 quodam
738 795 819 850 modo
836 794 868 850 ab
883 796 945 868 ipso
957 802 1038 868 poeta
1051 813 1117 868 pro·

166 881 237 937 lecta
251 881 296 941 sit,
312 878 390 935 cuins
404 878 583 952 pugillaribus
600 880 744 953 utriusque
758 882 865 952 generis
881 887 1022 935 auctorem
1034 897 1115 936 usum

168 980 228 1020 esse
243 963 367 1019 diximus.
394 961 468 1030 Quos
485 964 594 1037 quidem
609 963 750 1020 codicillos
766 981 827 1019 curn
844 971 925 1037 poeta
940 965 1037 1020 crebro
1053 981 1116 1020 cor·

168 1048 463 1125 renissebinducendo
475 1049 603 1104 nimirum
618 1049 845 1121 suprascribendo
862 1049 944 1104 uerba
959 1065 1115 1121 uersusqne

94 1137 103 1161 '
168 1133 227 1191 siue
242 1131 412 1198 interlineas
429 1134 487 1189 siue
503 1134 535 1190 ad
547 1134 697 1206 marginem
713 1133 853 1189 adiciendo
870 1142 897 1188 et
912 1135 950 1188 ita
961 1133 1069 1206 quidem
1084 1141 1116 1188 nt

168 1217 232 1290 qnid
244 1218 299 1288 legi
316 1217 398 1273 uellet
413 1226 459 1272 aut
472 1235 527 1291 qno
545 1235 669 1291 quaeque
684 1220 854 1290 pertinerent
869 1216 962 1273 multis
974 1217 1042 1273 locis
1058 1234 1115 1272 non

166 1303 233 1357 satis
255 1309 381 1358 accurate
403 1301 616 1374 significaverit:
646 1301 705 1358 lteri
726 1319 780 1358 non
802 1303 894 1376 potuit
914 1303 979 1375 quin
1001 1302 1054 1357 duo
1074 1301 1115 1356 illi

167 1386 271 1442 librarii
296 1388 342 1460 qui
364 1387 473 1442 diuerso
491 1395 615 1460 tempore
632 1395 729 1460 poetae
749 1388 933 1459 chirographo
955 1386 988 1442 ad
1010 1386 1115 1441 descri-

114 1499 115 1502 ¹
165 1471 284 1526 bendum
306 1479 448 1526 uterentur
464 1471 620 1527 dubitantes
636 1488 718 1545 saepe
735 1471 799 1544 quid
821 1471 865 1527 uel
882 1488 936 1543 quo
958 1471 1053 1526 ordine
1069 1471 1116 1525 de·

166 1555 319 1611 seriberent
334 1553 404 1610 alter
418 1555 472 1611 hoc
487 1557 557 1611 alter
572 1555 639 1610 illud
655 1555 779 1628 eligeret,
797 1554 865 1611 alter
881 1554 998 1611 alterum
1015 1571 1115 1628 seque·

165 1648 243 1695 retur
258 1654 389 1707 uersuum
405 1640 536 1703 ordinem,
552 1641 623 1696 band
639 1657 701 1696 raro
718 1649 835 1713 uterque
847 1656 916 1713 quae
931 1639 987 1712 legi
1003 1641 1114 1695 omnino

166 1741 221 1780 non
238 1731 366 1797 poterant
382 1725 522 1780 omitteret
533 1720 590 1796 **).
620 1722 689 1791 Quid
706 1725 789 1780 uero?
813 1741 867 1779 non
883 1723 982 1779 desunt
997 1723 1051 1779 loci
1068 1725 1115 1779 nbi

167 1818 313 1881 utramque
336 1808 478 1883 archetypi
504 1810 649 1866 lectionem
675 1808 804 1866 librarius
825 1809 951 1863 uideatur
973 1808 1114 1881 amplexus

166 1909 237 1949 esse.
269 1891 312 1948 Sic
328 1893 350 1948 H
367 1893 405 1950 19
422 1895 450 1948 10
465 1895 494 1948 Ε
508 1903 535 1950 01
551 1895 576 1950 Α
591 1894 693 1966 legitur
715 1894 780 1950 ‘sed
799 1900 923 1949 uetera
944 1910 1025 1948 sero
1048 1909 1115 1966 que·

165 1977 269 2033 rimur'
286 1977 333 2033 ubi
349 1985 395 2033 aut
411 1975 541 2043 ‘uetera'
558 1988 604 2035 001
621 1977 730 2042 ‘sero',
751 1995 806 2034 non
827 1986 976 2051 utrumque
996 1977 1115 2032 admittit

165 2079 272 2117 uersus.
307 2062 390 2118 buius
406 2065 515 2136 generis
537 2063 616 2136 plura
639 2063 760 2136 exempla
776 2065 803 2118 in
819 2065 847 2118 E
867 2063 1012 2136 adparent,
1036 2062 1115 2117 uelut

166 2149 263 2203 haece:
287 2146 386 2203 11688
403 2157 498 2202 errat
514 2147 584 2202 ludit
599 2149 624 2203 A
643 2149 713 2203 ludit
735 2146 789 2202 ΕΑ
806 2146 886 2204 1157
904 2164 953 2202 eur
968 2164 1007 2202 en
1022 2146 1052 2200 E
1065 2162 1115 2202 cur

166 2233 220 2302 Αφ
237 2231 293 2286 Olr.
305 2233 396 2305 recipe
413 2231 558 2288 admitte
572 2232 602 2286 Ε
621 2233 748 2306 recipeA
764 2232 817 2286 Plr.
831 2231 870 2286 41
888 2233 993 2288 concita
1008 2247 1114 2286 cursu

165 2316 283 2374 celerem
300 2315 413 2388 gradum
429 2311 459 2370 E
486 2333 562 2373 conc.
580 2317 694 2373 celerem
710 2333 751 2389 gr.
768 2316 793 2370 A
823 2315 970 2372 montet
992 2314 1114 2370 nemoris

166 2403 271 2475 antiqui
288 2401 393 2456 decus
409 2401 506 2458 domus
521 2402 551 2456 Ε
572 2419 598 2457 0.
616 2419 639 2457 0.
658 2402 754 2458 domus
770 2402 804 2479 A.
835 2400 887 2456 Sed
901 2401 983 2456 latius
999 2399 1116 2471 110000-

137 2551 139 2557 ,
165 2503 218 2540 000
239 2493 323 2558 patet.
358 2484 423 2539 Nam
446 2494 527 2559 poeta
549 2503 610 2542 cum
632 2486 798 2559 aliquotiens
820 2485 930 2541 eandem
951 2483 1115 2539 seutentiam

167 2569 270 2642 duplici
294 2568 376 2624 modo
400 2572 592 2642 expressisset,
624 2570 695 2626 band
722 2587 783 2626 raro
811 2571 912 2624 lactum
940 2575 981 2622 est
1010 2576 1039 2623 ut
1068 2576 1117 2624 aut

166 2663 314 2726 utrumque
336 2652 415 2708 ambo
439 2653 639 2722 describerent,
666 2655 744 2711 uelut
760 2654 782 2709 H
798 2651 923 2710 50-54
938 2651 1036 2709 :46
1053 2670 1115 2726 sqq.

167 2738 314 2795 272-77
329 2733 542 2795 :263-71.
573 2738 906 2796 att-8:670-1.
937 2738 979 2793 Tra
997 2736 1119 2791 122:

166 2822 231 2880 120
246 2831 307 2885 etc..
324 2831 372 2878 aut
387 2821 503 2878 alterum
518 2823 602 2887 alter,
621 2832 652 2879 ut
667 2824 736 2880 locis
752 2840 836 2896 supra
852 2823 941 2879 allatis
956 2823 979 2877 H
995 2821 1034 2878 36
1053 2839 1116 2895 sqq.

167 2907 228 2966 627
247 2905 307 2963 675
325 2924 385 2980 000.
408 2907 556 2981 multisque
577 2907 646 2964 aliis.
683 2907 756 2976 Quae
772 2925 834 2964 cum
857 2910 895 2962 ita
910 2907 978 2968 siut,
1006 2905 1052 2960 ubi
1069 2916 1118 2961 aut

165 2991 277 3047 lacunas
298 2990 513 3062 significauimns
536 3001 583 3048 ant
610 3009 708 3049 uersus
731 2995 790 3047 sine
811 2990 1030 3064 transponendus
1055 2991 1118 3047 siue

167 3074 306 3132 eiciendos
329 3077 500 3138 censuimus,
527 3078 628 3132 nemini
648 3077 774 3150 prolecto
797 3092 828 3131 ea
850 3076 1003 3131 uidebimur
1025 3077 1119 3131 omnia

235 3238 259 3302 *1
283 3239 378 3290 Simile
403 3240 543 3306 exemplar
564 3241 698 3291 historiae
716 3239 853 3291 naturalis
870 3240 992 3289 Plinium
1013 3240 1120 3290 scimus

166 3308 313 3372 reIIquisse
336 3306 482 3372 inopinata
503 3313 590 3358 morte
611 3309 780 3373 prohibitum
802 3308 945 3372 quominus
962 3307 1040 3356 libris
1058 3310 1120 3357 suis

168 3376 294 3427 nltimam
315 3390 426 3425 manum
443 3376 596 3441 inponeret.
667 3373 709 3441 **)
727 3376 805 3425 Idem
822 3376 900 3440 passi
918 3382 981 3424 sunt
998 3368 1120 3438 scripto-

168 3460 228 3495 rum
243 3444 308 3493 hist.
320 3443 391 3508 Aug.
405 3443 471 3493 libri
483 3459 551 3508 quos
564 3444 613 3507 qui
624 3444 831 3509 descripserunt
854 3443 940 3493 medii
957 3442 1020 3492 aevi
1031 3441 1122 3492 homi·

166 3526 217 3561 nes
229 3510 346 3562 lacunas
359 3525 471 3575 prorsus
483 3511 707 3564 dissimulabunt.
