2326 3922
158 207 221 272 164
435 225 466 270 n.
483 224 790 279 arremarensem

154 371 187 423 ut
202 381 253 424 ora
269 364 370 423 iuueni
385 363 468 441 paria
485 362 626 424 Perithoo
642 365 732 441 gerit,

153 449 185 507 ni
198 446 337 525 languido
352 445 465 526 pallore
480 447 642 509 canderent
656 465 750 526 genae

155 540 305 610 staretque
320 538 402 591 reeta
419 530 540 607 squalor
554 531 683 592 incultus
699 549 793 591 eoma.

120 625 151 678 b⁰
201 616 245 675 En
261 617 325 693 ipse
341 615 475 675 Theseus
490 616 623 676 redditus
638 617 726 677 terris
741 615 832 676 adest.

444 879 610 928 THESEVS.
640 880 782 927 NVTRIX.

197 1035 330 1096 Tandem
345 1036 465 1114 profugi
481 1037 576 1095 noetis
592 1042 729 1096 aeternae
745 1035 862 1114 plagam

156 1129 298 1199 uastoque
315 1131 417 1180 manes
434 1136 555 1180 earcere
574 1118 763 1180 umbrantem
780 1120 884 1198 polum

156 1215 185 1266 et
198 1205 248 1266 uix
264 1205 395 1284 cupitum
411 1203 557 1264 sufferunt
572 1202 650 1264 oouli
664 1203 751 1263 diem.

121 1317 138 1350 o
197 1291 259 1350 lam
276 1296 379 1365 quarta
394 1288 514 1348 Eleusin
531 1288 608 1348 dona
622 1286 798 1367 Triptolemi
813 1296 894 1350 seoat

155 1392 318 1452 paremque
333 1375 444 1434 totiens
459 1371 535 1432 libra
551 1373 706 1450 conposuit
721 1371 814 1442 diem,

156 1459 313 1536 ambiguus
327 1465 361 1518 ut
375 1476 423 1518 me
438 1457 528 1516 sortis
542 1457 658 1533 ignotae
673 1455 757 1516 lahor

156 1544 281 1604 detinuit
296 1544 373 1601 inter
389 1542 493 1601 mortis
509 1549 537 1599 et
551 1541 631 1601 uitae
647 1539 734 1600 mala.

109 1628 146 1697 ,ε’
200 1627 273 1686 Pars
288 1644 345 1686 una
362 1628 442 1686 uitae
456 1626 563 1685 mansit
579 1624 708 1685 extincto
724 1624 811 1696 mihi,

156 1728 269 1772 sensus.
301 1708 445 1769 malorum
461 1710 528 1768 linis
543 1708 659 1768 Alcides
674 1709 729 1769 luit
911 1763 915 1768 .

157 1797 207 1875 qui
223 1813 290 1856 cum
305 1793 425 1854 reuulso
441 1795 567 1854 Tartaro
583 1792 769 1854 abstraheret
784 1810 887 1854 canem

157 1899 204 1940 me
220 1897 338 1958 quoque
354 1895 499 1955 supernas
513 1878 625 1956 pariter
639 1876 675 1936 ad
692 1877 777 1938 sedes
792 1875 867 1938 tulit

122 1989 140 2022 e
201 1965 259 2024 Sed
275 1966 353 2023 fessa
368 1965 463 2023 uirtus
479 1961 588 2022 robore
604 1962 724 2040 antiquo
741 1967 822 2022 earet

158 2048 368 2126 trepidantque
383 2063 513 2123 gressus,
545 2046 604 2107 heu
619 2045 703 2106 lahor
719 2054 846 2124 quantus
861 2047 917 2108 luit
1094 2058 1143 2106 855

158 2132 375 2209 Phlegethonte
391 2130 427 2191 ab
443 2132 503 2190 imo
519 2137 622 2207 petere
636 2130 831 2207 longinquum
847 2131 968 2191 aethera

161 2219 333 2296 pariterque
348 2224 474 2274 mortem
491 2214 595 2292 lugere
611 2222 640 2274 et
653 2213 774 2274 Alciden
791 2215 883 2292 sequi.

124 2303 149 2360 c‘
205 2301 277 2371 Quis
291 2301 426 2360 fremitus
442 2316 529 2358 aures
544 2296 650 2359 ssehilis
667 2295 781 2377 pepulit
795 2301 893 2360 meast

159 2394 313 2466 expromat
328 2383 442 2463 aliquis.
472 2382 570 2442 luctus
585 2389 613 2442 et
628 2381 767 2443 lacrImae
783 2392 812 2442 et
827 2383 912 2443 dolor

158 2473 188 2529 in
203 2469 304 2529 limine
320 2471 383 2547 ipso
401 2475 511 2528 maesta
527 2466 695 2527 lamentatio
711 2491 715 2498 ·
1092 2475 1143 2526 860

158 2554 286 2631 hospitia
303 2554 388 2630 digna
404 2570 528 2629 prorsus
542 2551 659 2611 inferno
674 2551 800 2629 hospite.

125 2646 144 2694 d
205 2651 308 2696 Nure.
332 2636 427 2696 Tenet
442 2635 619 2696 obstinatum
636 2635 769 2696 Phaedra
786 2635 941 2697 eonsilium
956 2636 1039 2695 neeis
1069 2672 1074 2679 -

160 2831 362 2840 -.-—————

228 2958 277 3006 839
295 2956 420 3020 perithoo
440 2956 463 3005 A
487 2955 647 3018 perithoilt
668 2954 769 3018 piritho
788 2967 836 3004 οε
861 2953 977 3002 comiti
996 2954 1080 3017 paria

160 3023 283 3072 Pirithoi
301 3027 332 3072 ei.
354 3024 431 3073 Gran.
451 3019 462 3088 Η
479 3024 529 3072 840
548 3021 666 3071 candore
684 3020 823 3084 pallerent
840 3021 865 3069 A
884 3021 992 3086 pallore
1012 3036 1079 3070 een-

161 3091 258 3138 derent
276 3090 301 3137 E
320 3088 332 3154 Η
356 3089 521 3139 THESEVS
538 3089 695 3138 -NVTRIX
711 3089 763 3138 ΕΑ
784 3085 796 3152 Η
818 3088 869 3137 845
887 3093 918 3136 ut
935 3088 960 3137 A
980 3090 1010 3137 et
1028 3087 1053 3136 Ε
1071 3087 1079 3151 Η

161 3159 211 3207 846
230 3156 332 3206 eleusis
352 3160 375 3205 A
396 3157 502 3206 eleusin
515 3156 540 3204 Ε
559 3154 618 3221 (sed
628 3158 676 3206 litt.
690 3157 720 3205 in
732 3172 749 3205 a
761 3172 791 3204 m.
805 3159 821 3204 2
834 3158 859 3204 in
871 3154 937 3218 rae.)
949 3151 962 3220 Η
973 3160 1080 3220 trepto-

161 3225 227 3275 lemi
245 3224 269 3272 E
292 3220 303 3288 Η
327 3225 373 3274 851
398 3240 502 3274 mersus
521 3224 654 3273 malorum
672 3222 732 3273 finis
751 3224 776 3272 A
800 3237 908 3273 mensus
931 3224 955 3272 V
975 3239 1021 3272 un.
1044 3239 1081 3273 ea:

161 3295 227 3344 Poll.
247 3307 344 3341 sensus
359 3305 371 3340 ε
384 3289 456 3356 l1852
474 3293 613 3340 reuulsam
631 3295 736 3341 tartaro
755 3290 912 3340 extraheret
924 3290 948 3339 A
967 3288 1082 3342 reuulso

161 3365 268 3411 tartaro
282 3359 457 3409 abstraheret
468 3359 493 3407 E
505 3356 516 3423 Η
529 3362 578 3410 860
592 3365 619 3408 et
632 3359 677 3422 (al.
686 3357 727 3423 in)
740 3358 833 3408 limine
847 3359 875 3406 in
885 3359 946 3422 ipso
956 3363 1082 3421 meatem

163 3434 191 3477 et
207 3429 303 3477 limine
321 3428 381 3492 ipso
400 3432 481 3476 uasta
500 3442 518 3475 α
537 3428 565 3475 in
583 3427 677 3476 limine
695 3429 754 3491 ipso
773 3431 860 3492 mesta
878 3425 903 3473 Ε
926 3422 937 3491 Η
960 3425 1012 3476 861
1031 3426 1082 3477 ho-

163 3496 305 3558 spitia.eA
327 3495 464 3560 auspicia
482 3497 513 3544 oi.
535 3497 613 3548 Gron.
637 3491 648 3558 Η
