2326 3922
153 184 218 248 250
436 202 466 247 L.
484 203 615 249 auram
632 202 789 250 scrucau

153 357 270 417 semper
285 339 411 408 tenebit,
427 358 545 419 semper
561 361 576 402 a
593 349 676 418 tergo
692 344 779 402 timor

152 426 303 503 respicere
318 434 406 502 coget
421 443 502 484 arma
519 445 574 486 nec
589 429 658 504 poni
674 428 763 496 siuet,

153 509 222 568 dum
239 509 404 587 Phrygibus
420 512 534 572 animos
550 520 656 588 gnatus
672 514 784 572 euersis
800 511 881 573 dabit

152 593 359 654 Anclromacha
376 603 485 654 uester.

152 692 258 738 ANDR.
548 687 643 756 augur
658 679 731 741 haec
747 679 871 742 Calchas
886 683 985 742 canit?

151 777 207 824 vu.
232 772 261 823 et
276 765 300 823 si
315 770 428 824 taceret
442 781 536 839 augur
551 765 625 824 haec
640 763 777 834 Calchas,
794 772 895 825 tamen

153 848 266 909 dicebat
284 847 394 908 Hector
410 849 493 908 cuius
509 856 538 909 ct
553 850 674 927 stirpem
690 849 811 911 horreo.

154 933 315 1013 [praeroso
330 937 362 992 tu
378 941 462 994 ortus
476 937 588 994 semino
603 933 867 1014 exequutores]

118 1013 144 1072 b'
198 1016 308 1076 Sicilie
325 1018 423 1094 magni
440 1034 549 1093 paruus
565 1020 691 1078 armenti
707 1036 808 1078 comes

153 1103 314 1181 primisque
330 1101 460 1161 nondum
478 1102 618 1162 cornibus
634 1102 749 1162 findens
765 1110 861 1163 cutem

153 1187 269 1247 ceruice
286 1184 383 1262 subito
400 1185 494 1246 celsus
510 1187 650 1247 etironte
666 1187 775 1247 arduus

153 1288 273 1349 gregem
290 1277 444 1348 paternum
461 1271 542 1330 ducit
556 1289 590 1331 ac
605 1273 706 1350 pecori
722 1274 856 1351 imperat.

153 1374 228 1433 quae
244 1364 346 1415 tenera
363 1373 449 1415 caeso
465 1356 547 1433 uirga
564 1357 601 1416 de
616 1364 723 1416 trunco
740 1357 834 1424 stetit,

152 1459 207 1517 par
223 1441 283 1517 ipsa
300 1440 386 1499 matri
403 1447 535 1518 tempore
552 1444 659 1516 exiguo
676 1441 754 1500 subit

152 1524 331 1601 umbrasque
347 1525 435 1584 terris
451 1524 548 1584 reddit
563 1531 592 1584 et
607 1525 689 1585 caelo
704 1544 819 1586 nemus.

118 1629 133 1662 e
195 1609 243 1667 Sic
260 1608 333 1668 maie
349 1608 470 1669 relictus
485 1609 552 1686 igue
568 1610 604 1669 de
620 1628 727 1688 magno
743 1612 817 1671 ciuis

152 1695 231 1753 uires
248 1695 378 1752 resumit.
411 1694 588 1771 estquidam
605 1696 730 1756 iniustus
747 1695 832 1755 dolor

152 1796 252 1838 rerum
270 1780 451 1847 aestimator,
469 1780 493 1837 si
510 1789 605 1839 tamen
622 1788 718 1840 tecum
736 1782 849 1856 exigas,

151 1864 269 1922 ueniam
287 1861 369 1922 dabis
385 1863 462 1940 quod
480 1862 555 1923 helia
573 1864 766 1942 post-hiemes
781 1865 885 1925 docem

151 1947 332 2025 totidemque
349 1965 460 2006 messes
475 1949 531 2007 iam
549 1967 638 2008 senex
656 1949 739 2009 miles
755 1951 839 2009 timet

152 2031 280 2110 aliasque
297 2031 396 2090 clades
412 2050 517 2093 rursus
533 2052 566 2091 ac
582 2051 743 2111 numquam
761 2033 837 2094 benc

151 2115 269 2175 Troiam
286 2118 440 2175 iacentem.

117 2193 141 2251 θ’
481 2202 586 2277 Magoa
602 2220 650 2262 res
666 2201 781 2262 Banaos
797 2208 898 2262 mouet

151 2287 267 2346 iuturus
283 2284 406 2345 Hector:
430 2285 522 2346 libera
539 2288 643 2347 Graios
659 2293 748 2346 metu.

151 2371 224 2430 haec
239 2388 296 2430 uua
314 2388 405 2430 naues
420 2389 507 2430 causa
523 2370 664 2430 deductas
679 2379 774 2439 tenet,

151 2456 197 2515 his
214 2454 315 2515 classis
331 2455 442 2514 haeret.
474 2473 550 2514 neue
566 2454 716 2515 crudelem
734 2462 819 2534 putes

151 2540 228 2618 quod
245 2546 325 2599 sorte
340 2540 437 2599 iussus
453 2539 589 2600 Hectoris
604 2548 723 2617 gnatum
741 2548 853 2617 petam:

150 2626 288 2701 petissem
305 2623 440 2683 Oresten.
470 2631 572 2701 patere
588 2623 666 2703 quod
683 2625 778 2683 uictor
793 2622 868 2684 tulit.

116 2793 134 2842 d
194 2808 298 2853 ANDR.
318 2793 431 2852 Vtinam
446 2793 562 2869 quidem
576 2811 654 2852 esses
666 2799 773 2870 gnate
787 2801 919 2853 matema
932 2793 961 2852 in
973 2811 1066 2853 mauu
1083 2802 1130 2853 565

153 2896 330 2954 nossemque
346 2878 410 2955 quis
425 2883 454 2937 tc
471 2895 555 2937 casus
571 2886 704 2953 ereptum
719 2877 791 2936 mihi

218 3081 267 3128 542
289 3079 482 3128 Andromacha
500 3097 546 3132 om.
569 3078 620 3146 ψΗ
638 3081 693 3128 ΑΝ.
713 3084 807 3129 uester
825 3094 913 3144 augur
931 3080 956 3130 A
982 3083 1065 3131 AND.

150 3148 211 3196 Hec
230 3151 321 3197 uester
345 3155 472 3210 augurata
503 3149 559 3201 AN,
582 3165 629 3198 om.
653 3148 678 3196 Ε
706 3145 717 3213 ΙΙ
747 3147 941 3196 Andromacha
961 3154 1066 3203 uester.

150 3215 232 3263 AND.
257 3215 352 3278 Augur
375 3216 567 3280 Hennederper.
599 3215 790 3265 Andromacha
809 3229 936 3280 sospes.
956 3216 1011 3266 GR.
1033 3234 1066 3268 aa

149 3283 232 3332 AND.
246 3284 382 3332 Dexter?
395 3279 406 3348 Η
418 3285 467 3333 543
480 3285 535 3331 VL.
551 3284 575 3332 Α
594 3300 639 3335 om.
655 3283 679 3332 Ε
697 3283 734 3332 At
746 3284 770 3332 si
782 3290 805 3346 ψ
817 3279 829 3349 Π
841 3283 911 3332 haec
925 3285 1067 3335 eaecasE

150 3350 201 3399 hoc
222 3351 341 3399 Calchas
361 3352 384 3399 Α
406 3354 434 3399 et
452 3350 543 3399 calcas
562 3361 585 3413 ψ
602 3347 613 3417 Η
630 3353 679 3402 545
696 3352 786 3401 sustuli
800 3347 811 3416 Η
828 3352 878 3401 555
896 3353 1026 3403 excutias
1043 3353 1068 3403 E

71 3415 76 3425 '
150 3426 166 3468 t
180 3419 275 3468 [Groa.
287 3420 323 3482 (ζ’)
336 3415 347 3483 Η
360 3421 409 3467 556
422 3418 526 3467 hiemes
539 3419 563 3466 E
582 3420 702 3468 aunosA
716 3416 728 3484 Η
740 3421 788 3468 557
801 3433 907 3468 messes
919 3419 975 3469 cM)
992 3436 1071 3472 men-

150 3499 194 3534 ses
213 3484 261 3552 ΑΗ
274 3489 323 3536 560
342 3487 432 3535 libera
451 3501 500 3534 nos
518 3486 570 3535 hoc
589 3503 623 3536 m.
644 3489 667 3536 Α
686 3487 705 3536 l.
725 3487 819 3550 graios
836 3502 871 3539 m.
890 3486 957 3536 Eud
979 3483 993 3553 ΙΙ
