2326 3922
157 209 218 273 108
428 221 459 270 n.
484 221 618 270 aunam
639 220 798 271 sunncan

157 381 215 424 uno
232 362 298 424 ania
313 370 401 440 partu
416 361 528 423 liberos
543 363 659 440 peperit
673 362 739 421 uiro

157 466 191 509 ac
207 446 262 508 sihi
278 454 411 525 nepotes.
438 452 569 507 monstra
585 448 651 523 quis
666 453 746 506 tanta
762 444 907 522 explieat?
935 499 938 502 ,

157 551 212 610 ege
229 534 292 610 ipse
307 533 402 592 uictae
418 530 509 609 spolia
526 532 576 609 qui
592 529 730 609 Sphingis
746 528 810 600 iuli,

122 616 287 763 013ἶὲ110
304 617 354 677 lali
369 617 471 677 lardus
485 618 633 693 interpres
647 617 716 676 mei.
912 696 915 700 Ι
954 687 958 695 ¹

125 1123 142 1172 b
200 1122 305 1198 Oede'p.
322 1122 399 1193 Quid
414 1121 514 1199 perdis
529 1121 605 1182 ultra
620 1121 732 1182 uerba?
749 1121 818 1201 quid
834 1131 939 1200 pectus
955 1120 1047 1182 lerum
1079 1119 1113 1171 nl

155 1205 270 1267 mollire
285 1215 381 1268 lentas
397 1205 555 1285 precibus?
575 1206 632 1266 hnc
647 1208 745 1267 animo
760 1207 845 1267 sedet

115 1318 117 1323 ·
156 1292 306 1352 effundere
322 1292 399 1352 hanc
416 1310 483 1352 cum
499 1299 596 1351 merle
611 1289 772 1352 luctantem
787 1291 837 1351 diu

155 1379 283 1437 animam
300 1384 330 1437 et
345 1375 484 1438 tenebras
500 1383 616 1454 petere,
640 1393 709 1436 nam
724 1375 830 1437 sceleri
844 1375 919 1436 haec
933 1392 1002 1436 meo

155 1479 260 1538 parurn
278 1460 334 1521 alta
352 1479 409 1520 nox
426 1468 479 1529 est,
495 1461 621 1521 Tartaro
637 1460 724 1521 condi
739 1461 823 1521 iuuat

156 1552 184 1605 el
200 1547 224 1605 si
240 1546 308 1624 quid
327 1545 403 1606 ultra
419 1545 575 1607 Tartarum
593 1552 646 1605 est.
674 1544 792 1605 landem
807 1543 881 1604 libet
1088 1545 1124 1595 ln

156 1629 234 1706 quud
251 1628 319 1689 nlirn
337 1637 463 1707 oporiet.
490 1636 586 1690 morie
601 1629 755 1707 prohiberi
769 1628 848 1690 haud
863 1646 952 1707 queo.

115 1704 142 1762 b'
199 1713 325 1774 Ferrum
342 1714 482 1791 negabis?
499 1717 604 1775 noxias
618 1712 700 1791 lapso
716 1715 779 1774 uias

155 1796 257 1858 eludes
273 1806 301 1857 et
316 1800 389 1859 artis
405 1797 478 1858 eolla
494 1798 605 1878 laqueis
621 1799 712 1858 inseri

154 1881 344 1960 prohibebis?
366 1883 474 1943 herbas
491 1902 565 1962 quae
582 1882 680 1943 lerunt
695 1881 788 1943 letum
804 1881 939 1943 auferes?

79 1967 82 1972 ’
155 1967 225 2046 qissd
242 1968 295 2029 ista
313 1968 428 2028 landem
446 1985 517 2028 eura
533 1967 751 2046 prolicieltua‘l
1092 1970 1124 2020 15⁴

155 2050 265 2129 ubique
282 2070 362 2112 mors
378 2059 430 2112 est.
459 2060 579 2130 optume
594 2052 651 2111 hne
667 2053 746 2112 canit
761 2051 842 2113 deus.

156 2137 274 2214 eripere
290 2138 379 2197 ailam
396 2155 484 2197 nerno
500 2154 559 2196 non
575 2136 689 2196 homini
704 2143 811 2215 polest,

154 2228 184 2281 at
199 2238 286 2281 nerne
301 2229 442 2282 moriem:
460 2220 538 2281 mille
554 2221 590 2281 ad
605 2221 682 2282 hane
697 2221 793 2281 adibus
808 2228 917 2301 patent.

103 2302 141 2361 b''
197 2304 243 2366 Nil
259 2323 384 2386 quaero:
401 2307 504 2367 dextra
519 2313 621 2366 noster
638 2314 667 2366 et
681 2305 760 2366 nuda
775 2303 850 2366 solet

155 2390 231 2451 hene
247 2392 362 2452 animus
382 2392 431 2452 uti.
459 2391 562 2451 dextra
578 2408 658 2450 nune
673 2398 734 2451 loto
750 2391 862 2469 impetu

155 2482 215 2535 lule
232 2475 335 2536 dolare
351 2475 463 2536 uiribus
480 2476 547 2535 lulis
564 2476 641 2536 ueni.
817 2540 829 2546 ,

155 2577 214 2618 nun
232 2559 345 2620 destino
360 2579 453 2621 unum
470 2559 586 2620 uulneri
601 2567 703 2619 nostro
719 2559 832 2619 locum:

154 2652 233 2703 telus
249 2661 359 2704 nocens
375 2663 454 2704 suni:
472 2662 529 2722 qua
545 2644 627 2705 uoles
642 2653 767 2704 mortem
785 2644 878 2720 exige.

154 2727 278 2803 effringe
288 2735 397 2805 pectus
412 2745 522 2805 corque
537 2736 580 2789 tet
594 2727 741 2788 scelerum
757 2744 849 2805 capax

155 2809 260 2880 euelle,
279 2818 355 2872 lotos
371 2813 518 2872 uiscerum
536 2812 613 2873 nuda
629 2814 720 2872 sinus.

113 2895 145 2953 e''
200 2895 337 2956 Fraeluni
354 2897 480 2957 incitatis
496 2897 601 2958 ielibus
617 2903 719 2975 gutlur
735 2903 821 2957 sonet

153 2979 328 3059 laceraeque
344 2981 409 3043 lixis
423 2980 573 3059 unguibus
589 2999 684 3042 uenae
700 2981 801 3042 ssuanl.

223 3165 271 3215 137
291 3181 324 3214 ac
337 3167 392 3216 sibi
404 3169 429 3216 Α
449 3172 479 3217 ab
492 3175 550 3231 sp
569 3166 624 3216 sibi
643 3172 671 3217 eb
684 3168 709 3217 E
733 3164 745 3234 ll
769 3166 930 3233 explicetA
951 3164 1077 3230 explieat

152 3233 177 3283 E
189 3230 202 3301 ΙΙ
214 3234 262 3284 139
275 3233 450 3298 haereboque
464 3236 489 3285 E
502 3251 552 3299 que
565 3251 612 3286 om.
627 3236 660 3284 A.
682 3237 827 3300 Antiphane
840 3236 982 3287 orationem
993 3236 1074 3284 inier-

153 3304 246 3354 ridr'ase
258 3303 322 3353 aida
333 3300 472 3359 Swoboda,·
485 3306 599 3353 lacunam
610 3307 691 3353 statui
706 3305 732 3353 V
741 3319 857 3354 uersuum
868 3298 880 3368 ll
894 3303 941 3353 147
954 3301 1036 3367 lapsu
1049 3301 1075 3351 E

152 3372 232 3437 lapso
246 3373 270 3421 Α
290 3385 368 3420 saxa
386 3369 508 3435 lapsuro
527 3371 613 3420 inuia
631 3375 663 3421 ci.
678 3371 753 3422 NHs.
775 3373 787 3437 Η
809 3372 857 3422 166
875 3370 989 3421 cameri:
1008 3370 1076 3420 tofis
1103 3428 1110 3441 ,

152 3456 209 3490 rue
234 3439 245 3506 ll
269 3440 317 3490 167
337 3438 451 3489 destina
469 3440 500 3490 ci.
516 3439 590 3489 NHs.
614 3435 626 3504 ΙΙ
652 3441 700 3490 160
724 3455 824 3503 corpus
843 3452 944 3503 corque
963 3454 985 3488 ω
1003 3453 1074 3489 corr.

153 3507 229 3559 Nlla.
253 3504 265 3573 ll
288 3509 337 3558 162
355 3506 503 3557 laceraeue
522 3509 546 3556 Α
574 3507 741 3570 laceraeque
762 3505 785 3554 Ε
807 3503 820 3573 Η
