<?xml version="1.0" encoding="UTF-8"?>
<!DOCTYPE html PUBLIC "-//W3C//DTD XHTML 1.0 Transitional//EN"
    "http://www.w3.org/TR/xhtml1/DTD/xhtml1-transitional.dtd">
<html xmlns="http://www.w3.org/1999/xhtml" xml:lang="en" lang="en">
 <head>
  <title>
</title>
<meta http-equiv="Content-Type" content="text/html;charset=utf-8" />
  <meta name='ocr-system' content='tesseract 3.04.00' />
  <meta name='ocr-capabilities' content='ocr_page ocr_carea ocr_par ocr_line ocrx_word'/>
</head>
<body>
  <div class='ocr_page' id='page_1' title='image "./lannaeisenecaet00senegoog_0145.png"; bbox 0 0 2326 3922; ppageno 0'>
   <div class='ocr_carea' id='block_1_1' title="bbox 146 223 782 288">
    <p class='ocr_par' dir='ltr' id='par_1_1' title="bbox 146 223 782 288">
     <span class='ocr_line' id='line_1_1' title="bbox 146 223 782 288; baseline -0.009 0"><span class='ocrx_word' id='word_1_1' title='bbox 146 223 189 288; x_wconf 99' lang='grc'><strong>92</strong></span> <span class='ocrx_word' id='word_1_2' title='bbox 427 237 458 284; x_wconf 82' lang='lat' dir='ltr'><strong>c.</strong></span> <span class='ocrx_word' id='word_1_3' title='bbox 475 234 609 284; x_wconf 75' lang='lat' dir='ltr'><strong>aunam</strong></span> <span class='ocrx_word' id='word_1_4' title='bbox 624 234 782 284; x_wconf 78' lang='lat' dir='ltr'><strong>sennenn</strong></span> 
     </span>
    </p>
   </div>
   <div class='ocr_carea' id='block_1_2' title="bbox 146 372 908 608">
    <p class='ocr_par' dir='ltr' id='par_1_2' title="bbox 146 372 908 608">
     <span class='ocr_line' id='line_1_2' title="bbox 146 372 908 459; baseline -0.008 -20"><span class='ocrx_word' id='word_1_5' title='bbox 146 396 264 459; x_wconf 85' lang='lat' dir='ltr'><strong>possem</strong></span> <span class='ocrx_word' id='word_1_6' title='bbox 281 385 309 439; x_wconf 92' lang='lat' dir='ltr'><strong>et</strong></span> <span class='ocrx_word' id='word_1_7' title='bbox 324 383 442 438; x_wconf 85' lang='lat' dir='ltr'><strong>coactos</strong></span> <span class='ocrx_word' id='word_1_8' title='bbox 456 376 585 442; x_wconf 77' lang='lat' dir='ltr'><strong>trahere,</strong></span> <span class='ocrx_word' id='word_1_9' title='bbox 602 384 634 436; x_wconf 94' lang='lat' dir='ltr'><strong>ut</strong></span> <span class='ocrx_word' id='word_1_10' title='bbox 649 374 786 436; x_wconf 89' lang='lat' dir='ltr'><strong>ultricem</strong></span> <span class='ocrx_word' id='word_1_11' title='bbox 802 372 908 453; x_wconf 80' lang='lat' dir='ltr'>dapem</span> 
     </span>
     <span class='ocr_line' id='line_1_3' title="bbox 147 459 878 540; baseline -0.005 -16"><span class='ocrx_word' id='word_1_12' title='bbox 147 481 250 524; x_wconf 87' lang='lat' dir='ltr'><strong>omnes</strong></span> <span class='ocrx_word' id='word_1_13' title='bbox 265 462 410 523; x_wconf 87' lang='lat' dir='ltr'><strong>uiderent.</strong></span> <span class='ocrx_word' id='word_1_14' title='bbox 443 461 581 540; x_wconf 86' lang='lat' dir='ltr'><strong>quodsat</strong></span> <span class='ocrx_word' id='word_1_15' title='bbox 596 468 654 529; x_wconf 83' lang='lat' dir='ltr'><strong>est,</strong></span> <span class='ocrx_word' id='word_1_16' title='bbox 671 459 770 521; x_wconf 87' lang='lat' dir='ltr'><strong>uideat</strong></span> <span class='ocrx_word' id='word_1_17' title='bbox 784 466 878 540; x_wconf 87' lang='lat' dir='ltr'><strong>pater.</strong></span> 
     </span>
     <span class='ocr_line' id='line_1_4' title="bbox 148 545 674 608; baseline -0.006 -1"><span class='ocrx_word' id='word_1_18' title='bbox 148 550 236 608; x_wconf 91' lang='lat' dir='ltr'><strong>etiam</strong></span> <span class='ocrx_word' id='word_1_19' title='bbox 253 546 301 607; x_wconf 89' lang='lat' dir='ltr'><strong>die</strong></span> <span class='ocrx_word' id='word_1_20' title='bbox 318 545 436 606; x_wconf 87' lang='lat' dir='ltr'><strong>nolente</strong></span> <span class='ocrx_word' id='word_1_21' title='bbox 450 546 604 606; x_wconf 80' lang='lat' dir='ltr'><strong>discutiam</strong></span> <span class='ocrx_word' id='word_1_22' title='bbox 621 545 674 605; x_wconf 91' lang='lat' dir='ltr'><strong>tibi</strong></span> 
     </span>
    </p>
   </div>
   <div class='ocr_carea' id='block_1_3' title="bbox 108 628 870 964">
    <p class='ocr_par' dir='ltr' id='par_1_3' title="bbox 108 628 870 798">
     <span class='ocr_line' id='line_1_5' title="bbox 146 628 870 710; baseline -0.008 -18"><span class='ocrx_word' id='word_1_23' title='bbox 146 632 302 700; x_wconf 76' lang='lat' dir='ltr'><strong>tenebras,</strong></span> <span class='ocrx_word' id='word_1_24' title='bbox 320 631 455 691; x_wconf 87' lang='lat' dir='ltr'><strong>miseriae</strong></span> <span class='ocrx_word' id='word_1_25' title='bbox 471 630 526 691; x_wconf 89' lang='lat' dir='ltr'><strong>sub</strong></span> <span class='ocrx_word' id='word_1_26' title='bbox 542 629 650 710; x_wconf 83' lang='lat' dir='ltr'><strong>quibus</strong></span> <span class='ocrx_word' id='word_1_27' title='bbox 664 628 779 690; x_wconf 88' lang='lat' dir='ltr'><strong>latitant</strong></span> <span class='ocrx_word' id='word_1_28' title='bbox 794 636 870 688; x_wconf 92' lang='lat' dir='ltr'><strong>tuae.</strong></span> 
     </span>
     <span class='ocr_line' id='line_1_6' title="bbox 108 714 705 798; baseline -0.005 -22"><span class='ocrx_word' id='word_1_29' title='bbox 108 739 134 798; x_wconf 88' lang='lat' dir='ltr'><strong>b&#39;</strong></span> <span class='ocrx_word' id='word_1_30' title='bbox 189 716 282 776; x_wconf 89' lang='lat' dir='ltr'><strong>Nimis</strong></span> <span class='ocrx_word' id='word_1_31' title='bbox 298 716 348 775; x_wconf 90' lang='lat' dir='ltr'><strong>diu</strong></span> <span class='ocrx_word' id='word_1_32' title='bbox 364 715 489 777; x_wconf 85' lang='lat' dir='ltr'><strong>cnnuiua</strong></span> <span class='ocrx_word' id='word_1_33' title='bbox 504 730 611 776; x_wconf 88' lang='lat' dir='ltr'><strong>securo</strong></span> <span class='ocrx_word' id='word_1_34' title='bbox 627 714 705 775; x_wconf 89' lang='lat' dir='ltr'><strong>iaces</strong></span> 
     </span>
    </p>

    <p class='ocr_par' dir='ltr' id='par_1_4' title="bbox 146 797 868 879">
     <span class='ocr_line' id='line_1_7' title="bbox 146 797 868 879; baseline -0.006 -19"><span class='ocrx_word' id='word_1_35' title='bbox 146 799 291 879; x_wconf 89' lang='lat' dir='ltr'><strong>hilarique</strong></span> <span class='ocrx_word' id='word_1_36' title='bbox 305 799 407 870; x_wconf 87' lang='lat' dir='ltr'><strong>uultu,</strong></span> <span class='ocrx_word' id='word_1_37' title='bbox 422 801 479 860; x_wconf 87' lang='lat' dir='ltr'><strong>iam</strong></span> <span class='ocrx_word' id='word_1_38' title='bbox 495 801 566 862; x_wconf 87' lang='lat' dir='ltr'><strong>satis</strong></span> <span class='ocrx_word' id='word_1_39' title='bbox 581 799 692 861; x_wconf 83' lang='lat' dir='ltr'><strong>mensis</strong></span> <span class='ocrx_word' id='word_1_40' title='bbox 707 797 808 858; x_wconf 92' lang='lat' dir='ltr'><strong>datum</strong></span> <span class='ocrx_word' id='word_1_41' title='bbox 824 803 868 858; x_wconf 90' lang='lat' dir='ltr'><strong>est</strong></span> 
     </span>
    </p>

    <p class='ocr_par' dir='ltr' id='par_1_5' title="bbox 147 882 848 964">
     <span class='ocr_line' id='line_1_8' title="bbox 147 882 848 964; baseline -0.003 -20"><span class='ocrx_word' id='word_1_42' title='bbox 147 887 278 964; x_wconf 89' lang='lat' dir='ltr'><strong>satisque</strong></span> <span class='ocrx_word' id='word_1_43' title='bbox 292 884 422 954; x_wconf 84' lang='lat' dir='ltr'><strong>bacche,</strong></span> <span class='ocrx_word' id='word_1_44' title='bbox 445 884 546 944; x_wconf 87' lang='lat' dir='ltr'><strong>sobrio</strong></span> <span class='ocrx_word' id='word_1_45' title='bbox 561 890 640 944; x_wconf 86' lang='lat' dir='ltr'><strong>tanta</strong></span> <span class='ocrx_word' id='word_1_46' title='bbox 656 883 692 944; x_wconf 90' lang='lat' dir='ltr'><strong>ad</strong></span> <span class='ocrx_word' id='word_1_47' title='bbox 708 882 784 942; x_wconf 87' lang='lat' dir='ltr'><strong>mala</strong></span> <span class='ocrx_word' id='word_1_48' title='bbox 846 923 848 928; x_wconf 19' lang='grc' dir='ltr'>η</span> 
     </span>
    </p>
   </div>
   <div class='ocr_carea' id='block_1_4' title="bbox 47 967 895 2569">
    <p class='ocr_par' dir='ltr' id='par_1_6' title="bbox 47 967 895 2569">
     <span class='ocr_line' id='line_1_9' title="bbox 146 967 810 1048; baseline -0.008 -18"><span class='ocrx_word' id='word_1_49' title='bbox 146 987 221 1048; x_wconf 86' lang='lat' dir='ltr'><strong>opus</strong></span> <span class='ocrx_word' id='word_1_50' title='bbox 236 976 281 1029; x_wconf 88' lang='lat' dir='ltr'><strong>est</strong></span> <span class='ocrx_word' id='word_1_51' title='bbox 296 969 433 1047; x_wconf 85' lang='lat' dir='ltr'><strong>Thyeste.</strong></span> <span class='ocrx_word' id='word_1_52' title='bbox 460 968 546 1030; x_wconf 90' lang='lat' dir='ltr'><strong>turba</strong></span> <span class='ocrx_word' id='word_1_53' title='bbox 563 967 714 1028; x_wconf 78' lang='lat' dir='ltr'><strong>famularis</strong></span> <span class='ocrx_word' id='word_1_54' title='bbox 730 967 810 1026; x_wconf 84' lang='lat' dir='ltr'><strong>iores</strong></span> 
     </span>
     <span class='ocr_line' id='line_1_10' title="bbox 145 1052 728 1132; baseline -0.002 -20"><span class='ocrx_word' id='word_1_55' title='bbox 145 1052 248 1132; x_wconf 91' lang='lat' dir='ltr'><strong>templi</strong></span> <span class='ocrx_word' id='word_1_56' title='bbox 265 1052 374 1122; x_wconf 86' lang='lat' dir='ltr'><strong>relaxa,</strong></span> <span class='ocrx_word' id='word_1_57' title='bbox 391 1054 463 1113; x_wconf 79' lang='lat' dir='ltr'><strong>testa</strong></span> <span class='ocrx_word' id='word_1_58' title='bbox 479 1053 598 1131; x_wconf 85' lang='lat' dir='ltr'><strong>patefiat</strong></span> <span class='ocrx_word' id='word_1_59' title='bbox 613 1053 728 1113; x_wconf 84' lang='lat' dir='ltr'><strong>domus</strong></span> 
     </span>
     <span class='ocr_line' id='line_1_11' title="bbox 98 1136 802 1220; baseline -0.004 -22"><span class='ocrx_word' id='word_1_60' title='bbox 98 1163 132 1220; x_wconf 65' lang='lat' dir='ltr'><strong>br</strong></span> <span class='ocrx_word' id='word_1_61' title='bbox 188 1136 273 1198; x_wconf 92' lang='lat' dir='ltr'><strong>Libet</strong></span> <span class='ocrx_word' id='word_1_62' title='bbox 289 1137 401 1207; x_wconf 85' lang='lat' dir='ltr'><strong>uidere,</strong></span> <span class='ocrx_word' id='word_1_63' title='bbox 419 1139 513 1215; x_wconf 84' lang='lat' dir='ltr'><strong>capita</strong></span> <span class='ocrx_word' id='word_1_64' title='bbox 529 1145 668 1198; x_wconf 90' lang='lat' dir='ltr'><strong>natorum</strong></span> <span class='ocrx_word' id='word_1_65' title='bbox 683 1138 802 1196; x_wconf 89' lang='lat' dir='ltr'><strong>intuens</strong></span> 
     </span>
     <span class='ocr_line' id='line_1_12' title="bbox 147 1216 857 1301; baseline -0.007 -19"><span class='ocrx_word' id='word_1_66' title='bbox 147 1240 221 1301; x_wconf 86' lang='lat' dir='ltr'><strong>qnos</strong></span> <span class='ocrx_word' id='word_1_67' title='bbox 237 1223 287 1282; x_wconf 90' lang='lat' dir='ltr'><strong>det</strong></span> <span class='ocrx_word' id='word_1_68' title='bbox 302 1221 426 1292; x_wconf 87' lang='lat' dir='ltr'><strong>coleres,</strong></span> <span class='ocrx_word' id='word_1_69' title='bbox 443 1220 536 1283; x_wconf 88' lang='lat' dir='ltr'><strong>uerba</strong></span> <span class='ocrx_word' id='word_1_70' title='bbox 552 1239 628 1299; x_wconf 86' lang='lat' dir='ltr'><strong>quae</strong></span> <span class='ocrx_word' id='word_1_71' title='bbox 643 1222 757 1298; x_wconf 91' lang='lat' dir='ltr'><strong>primus</strong></span> <span class='ocrx_word' id='word_1_72' title='bbox 772 1216 857 1280; x_wconf 88' lang='lat' dir='ltr'><strong>dolor</strong></span> 
     </span>
     <span class='ocr_line' id='line_1_13' title="bbox 146 1304 801 1385; baseline -0.008 -19"><span class='ocrx_word' id='word_1_73' title='bbox 146 1307 286 1378; x_wconf 84' lang='lat' dir='ltr'><strong>effundat,</strong></span> <span class='ocrx_word' id='word_1_74' title='bbox 304 1314 354 1367; x_wconf 90' lang='lat' dir='ltr'><strong>aut</strong></span> <span class='ocrx_word' id='word_1_75' title='bbox 369 1315 402 1368; x_wconf 87' lang='lat' dir='ltr'><strong>ut</strong></span> <span class='ocrx_word' id='word_1_76' title='bbox 416 1308 521 1385; x_wconf 91' lang='lat' dir='ltr'><strong>spiritu</strong></span> <span class='ocrx_word' id='word_1_77' title='bbox 538 1304 661 1384; x_wconf 80' lang='lat' dir='ltr'><strong>expulso</strong></span> <span class='ocrx_word' id='word_1_78' title='bbox 677 1312 801 1383; x_wconf 88' lang='lat' dir='ltr'><strong>stupens</strong></span> 
     </span>
     <span class='ocr_line' id='line_1_14' title="bbox 146 1388 868 1470; baseline -0.004 -19"><span class='ocrx_word' id='word_1_79' title='bbox 146 1408 255 1470; x_wconf 85' lang='lat' dir='ltr'><strong>corpus</strong></span> <span class='ocrx_word' id='word_1_80' title='bbox 270 1393 405 1469; x_wconf 83' lang='lat' dir='ltr'><strong>rigescat.</strong></span> <span class='ocrx_word' id='word_1_81' title='bbox 432 1392 549 1465; x_wconf 84' lang='lat' dir='ltr'><strong>fructus</strong></span> <span class='ocrx_word' id='word_1_82' title='bbox 564 1390 612 1451; x_wconf 89' lang='lat' dir='ltr'><strong>hic</strong></span> <span class='ocrx_word' id='word_1_83' title='bbox 627 1390 726 1468; x_wconf 89' lang='lat' dir='ltr'><strong>operis</strong></span> <span class='ocrx_word' id='word_1_84' title='bbox 741 1388 799 1448; x_wconf 88' lang='lat' dir='ltr'><strong>mei</strong></span> <span class='ocrx_word' id='word_1_85' title='bbox 816 1393 868 1448; x_wconf 91' lang='lat' dir='ltr'><strong>est.</strong></span> 
     </span>
     <span class='ocr_line' id='line_1_15' title="bbox 147 1473 882 1546; baseline -0.004 -12"><span class='ocrx_word' id='word_1_86' title='bbox 147 1477 290 1536; x_wconf 90' lang='lat' dir='ltr'><strong>miserum</strong></span> <span class='ocrx_word' id='word_1_87' title='bbox 306 1476 410 1536; x_wconf 90' lang='lat' dir='ltr'><strong>uidere</strong></span> <span class='ocrx_word' id='word_1_88' title='bbox 425 1475 510 1546; x_wconf 85' lang='lat' dir='ltr'><strong>nnlc,</strong></span> <span class='ocrx_word' id='word_1_89' title='bbox 527 1474 578 1536; x_wconf 91' lang='lat' dir='ltr'><strong>sed</strong></span> <span class='ocrx_word' id='word_1_90' title='bbox 595 1476 664 1535; x_wconf 90' lang='lat' dir='ltr'><strong>dum</strong></span> <span class='ocrx_word' id='word_1_91' title='bbox 680 1475 713 1534; x_wconf 84' lang='lat' dir='ltr'><strong>fit</strong></span> <span class='ocrx_word' id='word_1_92' title='bbox 727 1473 828 1534; x_wconf 90' lang='lat' dir='ltr'><strong>miser.</strong></span> <span class='ocrx_word' id='word_1_93' title='bbox 840 1506 882 1518; x_wconf 90' lang='lat'>—</span> 
     </span>
     <span class='ocr_line' id='line_1_16' title="bbox 112 1559 755 1642; baseline -0.005 -20"><span class='ocrx_word' id='word_1_94' title='bbox 112 1607 127 1642; x_wconf 78' lang='lat' dir='ltr'><strong>c</strong></span> <span class='ocrx_word' id='word_1_95' title='bbox 184 1562 292 1637; x_wconf 77' lang='lat' dir='ltr'><strong>Aperta</strong></span> <span class='ocrx_word' id='word_1_96' title='bbox 307 1559 399 1620; x_wconf 87' lang='lat' dir='ltr'><strong>muita</strong></span> <span class='ocrx_word' id='word_1_97' title='bbox 415 1566 491 1620; x_wconf 89' lang='lat' dir='ltr'><strong>tecta</strong></span> <span class='ocrx_word' id='word_1_98' title='bbox 508 1559 666 1620; x_wconf 81' lang='lat' dir='ltr'><strong>conlucent</strong></span> <span class='ocrx_word' id='word_1_99' title='bbox 681 1559 755 1620; x_wconf 85' lang='lat' dir='ltr'><strong>face.</strong></span> 
     </span>
     <span class='ocr_line' id='line_1_17' title="bbox 144 1641 870 1722; baseline -0.003 -20"><span class='ocrx_word' id='word_1_100' title='bbox 144 1645 301 1721; x_wconf 85' lang='lat' dir='ltr'><strong>resupinus</strong></span> <span class='ocrx_word' id='word_1_101' title='bbox 316 1646 379 1722; x_wconf 91' lang='lat' dir='ltr'><strong>ipse</strong></span> <span class='ocrx_word' id='word_1_102' title='bbox 394 1662 544 1722; x_wconf 86' lang='lat' dir='ltr'><strong>purpurae</strong></span> <span class='ocrx_word' id='word_1_103' title='bbox 560 1650 646 1722; x_wconf 88' lang='lat' dir='ltr'><strong>atque</strong></span> <span class='ocrx_word' id='word_1_104' title='bbox 662 1661 735 1704; x_wconf 90' lang='lat' dir='ltr'><strong>auro</strong></span> <span class='ocrx_word' id='word_1_105' title='bbox 749 1641 870 1703; x_wconf 86' lang='lat' dir='ltr'><strong>incubat</strong></span> 
     </span>
     <span class='ocr_line' id='line_1_18' title="bbox 122 1728 738 1815; baseline 0.002 -29"><span class='ocrx_word' id='word_1_106' title='bbox 122 1806 126 1815; x_wconf 20' lang='grc' dir='ltr'><em>ι</em></span> <span class='ocrx_word' id='word_1_107' title='bbox 144 1728 215 1787; x_wconf 87' lang='lat' dir='ltr'><strong>uino</strong></span> <span class='ocrx_word' id='word_1_108' title='bbox 230 1736 385 1804; x_wconf 84' lang='lat' dir='ltr'><strong>grauatum</strong></span> <span class='ocrx_word' id='word_1_109' title='bbox 402 1728 526 1789; x_wconf 83' lang='lat' dir='ltr'><strong>fulciens</strong></span> <span class='ocrx_word' id='word_1_110' title='bbox 540 1729 624 1789; x_wconf 89' lang='lat' dir='ltr'><strong>laeua</strong></span> <span class='ocrx_word' id='word_1_111' title='bbox 641 1737 738 1808; x_wconf 91' lang='lat' dir='ltr'><strong>caput.</strong></span> 
     </span>
     <span class='ocr_line' id='line_1_19' title="bbox 145 1812 796 1880; baseline -0.002 -8"><span class='ocrx_word' id='word_1_112' title='bbox 145 1820 268 1873; x_wconf 90' lang='lat' dir='ltr'><strong>eructat.</strong></span> <span class='ocrx_word' id='word_1_113' title='bbox 299 1831 380 1874; x_wconf 88' lang='lat' dir='ltr'><strong>nme</strong></span> <span class='ocrx_word' id='word_1_114' title='bbox 396 1814 533 1874; x_wconf 89' lang='lat' dir='ltr'><strong>caelitum</strong></span> <span class='ocrx_word' id='word_1_115' title='bbox 549 1812 796 1880; x_wconf 83' lang='lat' dir='ltr'><strong>excelsissimum</strong></span> 
     </span>
     <span class='ocr_line' id='line_1_20' title="bbox 143 1896 858 1978; baseline 0.001 -22"><span class='ocrx_word' id='word_1_116' title='bbox 143 1913 248 1975; x_wconf 82' lang='lat' dir='ltr'><strong>regum</strong></span> <span class='ocrx_word' id='word_1_117' title='bbox 264 1905 351 1978; x_wconf 89' lang='lat' dir='ltr'><strong>atque</strong></span> <span class='ocrx_word' id='word_1_118' title='bbox 366 1914 478 1974; x_wconf 83' lang='lat' dir='ltr'><strong>regem.</strong></span> <span class='ocrx_word' id='word_1_119' title='bbox 504 1905 573 1959; x_wconf 87' lang='lat' dir='ltr'><strong>uota</strong></span> <span class='ocrx_word' id='word_1_120' title='bbox 588 1896 758 1959; x_wconf 85' lang='lat' dir='ltr'><strong>transcendi</strong></span> <span class='ocrx_word' id='word_1_121' title='bbox 773 1898 858 1957; x_wconf 56' lang='lat' dir='ltr'><strong>mea(</strong></span> 
     </span>
     <span class='ocr_line' id='line_1_21' title="bbox 145 1983 793 2062; baseline 0.002 -22"><span class='ocrx_word' id='word_1_122' title='bbox 145 1988 226 2041; x_wconf 88' lang='lat' dir='ltr'><strong>satur</strong></span> <span class='ocrx_word' id='word_1_123' title='bbox 241 1990 299 2052; x_wconf 90' lang='lat' dir='ltr'><strong>est,</strong></span> <span class='ocrx_word' id='word_1_124' title='bbox 317 1984 416 2062; x_wconf 87' lang='lat' dir='ltr'><strong>capaci</strong></span> <span class='ocrx_word' id='word_1_125' title='bbox 432 1983 512 2045; x_wconf 90' lang='lat' dir='ltr'><strong>ducit</strong></span> <span class='ocrx_word' id='word_1_126' title='bbox 527 1990 651 2060; x_wconf 85' lang='lat' dir='ltr'><strong>argento</strong></span> <span class='ocrx_word' id='word_1_127' title='bbox 667 1999 793 2042; x_wconf 90' lang='lat' dir='ltr'><strong>merum.</strong></span> 
     </span>
     <span class='ocr_line' id='line_1_22' title="bbox 111 2066 837 2144; baseline 0 -18"><span class='ocrx_word' id='word_1_128' title='bbox 111 2076 135 2134; x_wconf 80' lang='lat' dir='ltr'><strong>c&#39;</strong></span> <span class='ocrx_word' id='word_1_129' title='bbox 190 2066 233 2126; x_wconf 89' lang='lat' dir='ltr'><strong>Ne</strong></span> <span class='ocrx_word' id='word_1_130' title='bbox 248 2085 338 2144; x_wconf 86' lang='lat' dir='ltr'><strong>parce</strong></span> <span class='ocrx_word' id='word_1_131' title='bbox 353 2074 440 2144; x_wconf 89' lang='lat' dir='ltr'><strong>potu:</strong></span> <span class='ocrx_word' id='word_1_132' title='bbox 456 2074 548 2127; x_wconf 88' lang='lat' dir='ltr'><strong>restat</strong></span> <span class='ocrx_word' id='word_1_133' title='bbox 564 2067 732 2127; x_wconf 89' lang='lat' dir='ltr'><strong>etiamnunc</strong></span> <span class='ocrx_word' id='word_1_134' title='bbox 748 2083 837 2127; x_wconf 90' lang='lat' dir='ltr'><strong>crunr</strong></span> 
     </span>
     <span class='ocr_line' id='line_1_23' title="bbox 146 2149 831 2212; baseline 0 -4"><span class='ocrx_word' id='word_1_135' title='bbox 146 2158 189 2210; x_wconf 91' lang='lat' dir='ltr'><strong>tnt</strong></span> <span class='ocrx_word' id='word_1_136' title='bbox 204 2150 376 2212; x_wconf 86' lang='lat' dir='ltr'><strong>hostiarum.</strong></span> <span class='ocrx_word' id='word_1_137' title='bbox 410 2153 520 2212; x_wconf 80' lang='lat' dir='ltr'><strong>ueteris</strong></span> <span class='ocrx_word' id='word_1_138' title='bbox 534 2150 615 2212; x_wconf 92' lang='lat' dir='ltr'><strong>hunc</strong></span> <span class='ocrx_word' id='word_1_139' title='bbox 630 2150 735 2212; x_wconf 87' lang='lat' dir='ltr'><strong>bacchi</strong></span> <span class='ocrx_word' id='word_1_140' title='bbox 749 2149 831 2210; x_wconf 90' lang='lat' dir='ltr'><strong>color</strong></span> 
     </span>
     <span class='ocr_line' id='line_1_24' title="bbox 47 2234 895 2314; baseline -0.008 -14"><span class='ocrx_word' id='word_1_141' title='bbox 47 2291 51 2300; x_wconf 88' lang='lat'>.</span> <span class='ocrx_word' id='word_1_142' title='bbox 145 2234 316 2296; x_wconf 87' lang='lat' dir='ltr'><strong>abscundet.</strong></span> <span class='ocrx_word' id='word_1_143' title='bbox 343 2237 401 2296; x_wconf 89' lang='lat' dir='ltr'><strong>hoc</strong></span> <span class='ocrx_word' id='word_1_144' title='bbox 416 2236 490 2296; x_wconf 89' lang='lat' dir='ltr'><strong>haec</strong></span> <span class='ocrx_word' id='word_1_145' title='bbox 504 2253 607 2296; x_wconf 90' lang='lat' dir='ltr'><strong>mensa</strong></span> <span class='ocrx_word' id='word_1_146' title='bbox 624 2234 759 2295; x_wconf 90' lang='lat' dir='ltr'><strong>cludatur</strong></span> <span class='ocrx_word' id='word_1_147' title='bbox 774 2234 895 2314; x_wconf 84' lang='lat' dir='ltr'><strong>scypho.</strong></span> 
     </span>
     <span class='ocr_line' id='line_1_25' title="bbox 145 2319 839 2399; baseline 0 -21"><span class='ocrx_word' id='word_1_148' title='bbox 145 2321 268 2380; x_wconf 83' lang='lat' dir='ltr'><strong>mixtum</strong></span> <span class='ocrx_word' id='word_1_149' title='bbox 285 2338 406 2382; x_wconf 91' lang='lat' dir='ltr'><strong>sucrum</strong></span> <span class='ocrx_word' id='word_1_150' title='bbox 423 2321 596 2399; x_wconf 83' lang='lat' dir='ltr'><strong>sanguinem</strong></span> <span class='ocrx_word' id='word_1_151' title='bbox 616 2321 733 2397; x_wconf 83' lang='lat' dir='ltr'><strong>genitor</strong></span> <span class='ocrx_word' id='word_1_152' title='bbox 748 2319 839 2388; x_wconf 84' lang='lat' dir='ltr'><strong>hibat,</strong></span> 
     </span>
     <span class='ocr_line' id='line_1_26' title="bbox 145 2405 774 2480; baseline -0.002 -16"><span class='ocrx_word' id='word_1_153' title='bbox 145 2422 244 2465; x_wconf 91' lang='lat' dir='ltr'><strong>meum</strong></span> <span class='ocrx_word' id='word_1_154' title='bbox 261 2405 394 2465; x_wconf 85' lang='lat' dir='ltr'><strong>bibisset.</strong></span> <span class='ocrx_word' id='word_1_155' title='bbox 422 2424 505 2480; x_wconf 86' lang='lat' dir='ltr'><strong>ecce,</strong></span> <span class='ocrx_word' id='word_1_156' title='bbox 523 2407 581 2464; x_wconf 90' lang='lat' dir='ltr'><strong>iam</strong></span> <span class='ocrx_word' id='word_1_157' title='bbox 598 2410 701 2464; x_wconf 85' lang='lat' dir='ltr'><strong>cantus</strong></span> <span class='ocrx_word' id='word_1_158' title='bbox 717 2405 774 2464; x_wconf 89' lang='lat' dir='ltr'><strong>ciet</strong></span> 
     </span>
     <span class='ocr_line' id='line_1_27' title="bbox 146 2490 813 2569; baseline 0.001 -21"><span class='ocrx_word' id='word_1_159' title='bbox 146 2490 295 2569; x_wconf 86' lang='lat' dir='ltr'><strong>festasque</strong></span> <span class='ocrx_word' id='word_1_160' title='bbox 311 2507 401 2550; x_wconf 87' lang='lat' dir='ltr'><strong>uoces</strong></span> <span class='ocrx_word' id='word_1_161' title='bbox 417 2509 472 2550; x_wconf 89' lang='lat' dir='ltr'><strong>nec</strong></span> <span class='ocrx_word' id='word_1_162' title='bbox 487 2491 556 2549; x_wconf 89' lang='lat' dir='ltr'><strong>satis</strong></span> <span class='ocrx_word' id='word_1_163' title='bbox 571 2490 665 2549; x_wconf 91' lang='lat' dir='ltr'><strong>menti</strong></span> <span class='ocrx_word' id='word_1_164' title='bbox 678 2490 813 2568; x_wconf 90' lang='lat' dir='ltr'><strong>imperat.</strong></span> 
     </span>
    </p>
   </div>
   <div class='ocr_carea' id='block_1_5' title="bbox 411 2669 778 2718">
    <p class='ocr_par' dir='ltr' id='par_1_7' title="bbox 411 2669 778 2718">
     <span class='ocr_line' id='line_1_28' title="bbox 411 2669 778 2718; baseline -0.005 0"><span class='ocrx_word' id='word_1_165' title='bbox 411 2670 558 2718; x_wconf 83' lang='lat' dir='ltr'><strong>CHORVS·</strong></span> <span class='ocrx_word' id='word_1_166' title='bbox 589 2669 778 2718; x_wconf 79' lang='lat' dir='ltr'><strong>THYESTES.</strong></span> 
     </span>
    </p>
   </div>
   <div class='ocr_carea' id='block_1_6' title="bbox 110 2791 878 2955">
    <p class='ocr_par' dir='ltr' id='par_1_8' title="bbox 110 2791 878 2955">
     <span class='ocr_line' id='line_1_29' title="bbox 110 2791 878 2869; baseline -0.001 -17"><span class='ocrx_word' id='word_1_167' title='bbox 110 2811 128 2844; x_wconf 79' lang='lat' dir='ltr'><strong>a</strong></span> <span class='ocrx_word' id='word_1_168' title='bbox 276 2793 363 2852; x_wconf 75' lang='lat' dir='ltr'><strong>onor.</strong></span> <span class='ocrx_word' id='word_1_169' title='bbox 391 2792 515 2851; x_wconf 85' lang='lat' dir='ltr'><strong>Pectora</strong></span> <span class='ocrx_word' id='word_1_170' title='bbox 532 2791 627 2869; x_wconf 80' lang='lat' dir='ltr'><strong>longis</strong></span> <span class='ocrx_word' id='word_1_171' title='bbox 642 2792 778 2853; x_wconf 88' lang='lat' dir='ltr'><strong>hebetata</strong></span> <span class='ocrx_word' id='word_1_172' title='bbox 794 2791 878 2853; x_wconf 86' lang='lat' dir='ltr'><strong>maiis</strong></span> 
     </span>
     <span class='ocr_line' id='line_1_30' title="bbox 230 2874 673 2955; baseline 0.005 -20"><span class='ocrx_word' id='word_1_173' title='bbox 230 2877 287 2935; x_wconf 88' lang='lat' dir='ltr'><strong>iarn</strong></span> <span class='ocrx_word' id='word_1_174' title='bbox 304 2874 445 2937; x_wconf 86' lang='lat' dir='ltr'><strong>sollicitas</strong></span> <span class='ocrx_word' id='word_1_175' title='bbox 459 2878 560 2955; x_wconf 91' lang='lat' dir='ltr'><strong>ponite</strong></span> <span class='ocrx_word' id='word_1_176' title='bbox 576 2895 673 2937; x_wconf 85' lang='lat' dir='ltr'><strong>curas.</strong></span> 
     </span>
    </p>
   </div>
   <div class='ocr_carea' id='block_1_7' title="bbox 144 3013 346 3020">
    <p class='ocr_par' dir='ltr' id='par_1_9' title="bbox 144 3013 346 3020">
     <span class='ocr_line' id='line_1_31' title="bbox 144 3013 346 3020; baseline -0.005 0"><span class='ocrx_word' id='word_1_177' title='bbox 144 3013 191 3020; x_wconf 72' lang='grc'><strong>..-</strong></span> <span class='ocrx_word' id='word_1_178' title='bbox 208 3014 346 3019; x_wconf 74' lang='lat'><em>——--..—</em></span> 
     </span>
    </p>
   </div>
   <div class='ocr_carea' id='block_1_8' title="bbox 140 3085 1131 3570">
    <p class='ocr_par' dir='ltr' id='par_1_10' title="bbox 140 3085 1131 3570">
     <span class='ocr_line' id='line_1_32' title="bbox 211 3085 1064 3162; baseline 0.007 -20"><span class='ocrx_word' id='word_1_179' title='bbox 211 3096 260 3144; x_wconf 76' lang='grc'><strong>807</strong></span> <span class='ocrx_word' id='word_1_180' title='bbox 281 3101 308 3144; x_wconf 90' lang='lat' dir='ltr'><strong>et</strong></span> <span class='ocrx_word' id='word_1_181' title='bbox 326 3097 455 3146; x_wconf 86' lang='lat' dir='ltr'><strong>ultricem</strong></span> <span class='ocrx_word' id='word_1_182' title='bbox 473 3096 498 3145; x_wconf 89' lang='lat' dir='ltr'><em>E</em></span> <span class='ocrx_word' id='word_1_183' title='bbox 516 3102 547 3146; x_wconf 90' lang='lat' dir='ltr'><strong>ut</strong></span> <span class='ocrx_word' id='word_1_184' title='bbox 564 3085 627 3147; x_wconf 74' lang='lat' dir='ltr'><strong>ultr.</strong></span> <span class='ocrx_word' id='word_1_185' title='bbox 647 3098 672 3146; x_wconf 87' lang='grc' dir='ltr'><em>Α</em></span> <span class='ocrx_word' id='word_1_186' title='bbox 696 3093 708 3162; x_wconf 82' lang='grc' dir='ltr'>Η</span> <span class='ocrx_word' id='word_1_187' title='bbox 735 3098 784 3147; x_wconf 91' lang='grc'><strong>901</strong></span> <span class='ocrx_word' id='word_1_188' title='bbox 805 3097 925 3146; x_wconf 82' lang='lat' dir='ltr'><strong>conuiua</strong></span> <span class='ocrx_word' id='word_1_189' title='bbox 943 3112 1012 3148; x_wconf 85' lang='lat' dir='ltr'><strong>corr.</strong></span> <span class='ocrx_word' id='word_1_190' title='bbox 1027 3113 1064 3148; x_wconf 75' lang='lat' dir='ltr'><strong>ex</strong></span> 
     </span>
     <span class='ocr_line' id='line_1_33' title="bbox 144 3160 1131 3231; baseline 0.005 -21"><span class='ocrx_word' id='word_1_191' title='bbox 144 3161 319 3213; x_wconf 86' lang='lat' dir='ltr'><strong>conniueE¹</strong></span> <span class='ocrx_word' id='word_1_192' title='bbox 358 3160 369 3231; x_wconf 85' lang='grc' dir='ltr'><strong>ΙΙ</strong></span> <span class='ocrx_word' id='word_1_193' title='bbox 409 3167 459 3215; x_wconf 84' lang='grc'><strong>903</strong></span> <span class='ocrx_word' id='word_1_194' title='bbox 483 3164 518 3213; x_wconf 85' lang='lat' dir='ltr'><strong>ad</strong></span> <span class='ocrx_word' id='word_1_195' title='bbox 540 3180 608 3214; x_wconf 84' lang='lat' dir='ltr'><strong>corr.</strong></span> <span class='ocrx_word' id='word_1_196' title='bbox 633 3181 667 3216; x_wconf 81' lang='lat' dir='ltr'><strong>eac</strong></span> <span class='ocrx_word' id='word_1_197' title='bbox 690 3162 777 3214; x_wconf 69' lang='grc' dir='ltr'><strong>11οΕΙ</strong></span> <span class='ocrx_word' id='word_1_198' title='bbox 812 3160 825 3230; x_wconf 88' lang='grc' dir='ltr'><strong>ΙΙ</strong></span> <span class='ocrx_word' id='word_1_199' title='bbox 858 3165 908 3214; x_wconf 87' lang='grc'><strong>910</strong></span> <span class='ocrx_word' id='word_1_200' title='bbox 930 3163 1061 3214; x_wconf 85' lang='lat' dir='ltr'><strong>miserum</strong></span> <span class='ocrx_word' id='word_1_201' title='bbox 1124 3177 1131 3192; x_wconf 87' lang='lat'><strong>·</strong></span> 
     </span>
     <span class='ocr_line' id='line_1_34' title="bbox 142 3230 1061 3297; baseline 0.005 -19"><span class='ocrx_word' id='word_1_202' title='bbox 142 3230 231 3278; x_wconf 90' lang='lat' dir='ltr'><strong>uirum</strong></span> <span class='ocrx_word' id='word_1_203' title='bbox 249 3231 345 3280; x_wconf 86' lang='lat' dir='ltr'><strong>uidere</strong></span> <span class='ocrx_word' id='word_1_204' title='bbox 363 3232 389 3281; x_wconf 86' lang='lat' dir='ltr'><em>E</em></span> <span class='ocrx_word' id='word_1_205' title='bbox 418 3233 506 3282; x_wconf 89' lang='lat' dir='ltr'><strong>uirum</strong></span> <span class='ocrx_word' id='word_1_206' title='bbox 525 3248 570 3282; x_wconf 88' lang='lat' dir='ltr'><strong>om.</strong></span> <span class='ocrx_word' id='word_1_207' title='bbox 591 3232 615 3281; x_wconf 84' lang='grc' dir='ltr'><em>Α</em></span> <span class='ocrx_word' id='word_1_208' title='bbox 678 3234 727 3282; x_wconf 88' lang='grc'><strong>912</strong></span> <span class='ocrx_word' id='word_1_209' title='bbox 745 3247 867 3297; x_wconf 85' lang='lat' dir='ltr'><strong>purpura</strong></span> <span class='ocrx_word' id='word_1_210' title='bbox 884 3231 910 3280; x_wconf 84' lang='lat' dir='ltr'><em>A</em></span> <span class='ocrx_word' id='word_1_211' title='bbox 939 3247 1061 3297; x_wconf 82' lang='lat' dir='ltr'><strong>purpure</strong></span> 
     </span>
     <span class='ocr_line' id='line_1_35' title="bbox 142 3293 1061 3364; baseline 0.004 -18"><span class='ocrx_word' id='word_1_212' title='bbox 142 3298 168 3346; x_wconf 91' lang='grc' dir='ltr'><em>Ε</em></span> <span class='ocrx_word' id='word_1_213' title='bbox 200 3293 213 3363; x_wconf 79' lang='grc' dir='ltr'><strong>ΙΙ</strong></span> <span class='ocrx_word' id='word_1_214' title='bbox 247 3299 298 3348; x_wconf 86' lang='grc'><strong>914</strong></span> <span class='ocrx_word' id='word_1_215' title='bbox 320 3314 399 3349; x_wconf 89' lang='lat' dir='ltr'><strong>omne</strong></span> <span class='ocrx_word' id='word_1_216' title='bbox 418 3301 569 3364; x_wconf 76' lang='grc' dir='ltr'><em>Εψοωο</em></span> <span class='ocrx_word' id='word_1_217' title='bbox 589 3315 608 3347; x_wconf 86' lang='grc' dir='ltr'><strong><em>α</em></strong></span> <span class='ocrx_word' id='word_1_218' title='bbox 681 3301 731 3350; x_wconf 80' lang='grc'><strong>915</strong></span> <span class='ocrx_word' id='word_1_219' title='bbox 754 3314 902 3364; x_wconf 85' lang='lat' dir='ltr'><strong>regumque</strong></span> <span class='ocrx_word' id='word_1_220' title='bbox 920 3301 1061 3364; x_wconf 80' lang='lat' dir='ltr'><strong>regemA</strong></span> 
     </span>
     <span class='ocr_line' id='line_1_36' title="bbox 141 3363 1063 3433; baseline 0.004 -20"><span class='ocrx_word' id='word_1_221' title='bbox 141 3381 236 3430; x_wconf 80' lang='lat' dir='ltr'><strong>regum</strong></span> <span class='ocrx_word' id='word_1_222' title='bbox 255 3370 339 3430; x_wconf 82' lang='lat' dir='ltr'><strong>etque</strong></span> <span class='ocrx_word' id='word_1_223' title='bbox 357 3382 448 3431; x_wconf 83' lang='lat' dir='ltr'><strong>regem</strong></span> <span class='ocrx_word' id='word_1_224' title='bbox 465 3368 491 3417; x_wconf 86' lang='lat' dir='ltr'><em>E</em></span> <span class='ocrx_word' id='word_1_225' title='bbox 513 3363 526 3433; x_wconf 86' lang='grc' dir='ltr'><strong>ΙΙ</strong></span> <span class='ocrx_word' id='word_1_226' title='bbox 548 3369 597 3417; x_wconf 90' lang='grc'><strong>919</strong></span> <span class='ocrx_word' id='word_1_227' title='bbox 616 3366 668 3417; x_wconf 87' lang='lat' dir='ltr'><strong>hoc</strong></span> <span class='ocrx_word' id='word_1_228' title='bbox 687 3381 783 3416; x_wconf 81' lang='lat' dir='ltr'><strong>mensa</strong></span> <span class='ocrx_word' id='word_1_229' title='bbox 796 3369 820 3416; x_wconf 84' lang='lat' dir='ltr'><em>A</em></span> <span class='ocrx_word' id='word_1_230' title='bbox 848 3367 901 3417; x_wconf 90' lang='lat' dir='ltr'><strong>hoc</strong></span> <span class='ocrx_word' id='word_1_231' title='bbox 918 3367 971 3417; x_wconf 89' lang='lat' dir='ltr'><strong>hoc</strong></span> <span class='ocrx_word' id='word_1_232' title='bbox 988 3375 1063 3432; x_wconf 74' lang='lat' dir='ltr'><strong>mep</strong></span> 
     </span>
     <span class='ocr_line' id='line_1_37' title="bbox 140 3430 1062 3502; baseline 0.007 -20"><span class='ocrx_word' id='word_1_233' title='bbox 140 3433 192 3483; x_wconf 90' lang='lat' dir='ltr'><strong>hoc</strong></span> <span class='ocrx_word' id='word_1_234' title='bbox 206 3434 323 3484; x_wconf 83' lang='lat' dir='ltr'><strong>haecm.</strong></span> <span class='ocrx_word' id='word_1_235' title='bbox 343 3447 356 3484; x_wconf 84' lang='grc' dir='ltr'>ε</span> <span class='ocrx_word' id='word_1_236' title='bbox 377 3430 390 3500; x_wconf 76' lang='grc' dir='ltr'><strong>Π</strong></span> <span class='ocrx_word' id='word_1_237' title='bbox 413 3437 462 3484; x_wconf 90' lang='grc'><strong>922</strong></span> <span class='ocrx_word' id='word_1_238' title='bbox 481 3435 609 3498; x_wconf 84' lang='lat' dir='ltr'><strong>festaque</strong></span> <span class='ocrx_word' id='word_1_239' title='bbox 622 3435 647 3483; x_wconf 94' lang='grc' dir='ltr'><em>Ε</em></span> <span class='ocrx_word' id='word_1_240' title='bbox 665 3435 806 3499; x_wconf 82' lang='lat' dir='ltr'><strong>festasque</strong></span> <span class='ocrx_word' id='word_1_241' title='bbox 819 3435 844 3484; x_wconf 83' lang='lat' dir='ltr'><em>A</em></span> <span class='ocrx_word' id='word_1_242' title='bbox 867 3431 879 3502; x_wconf 85' lang='grc' dir='ltr'>Η</span> <span class='ocrx_word' id='word_1_243' title='bbox 903 3433 1062 3489; x_wconf 77' lang='lat' dir='ltr'><strong>0110va</strong></span> 
     </span>
     <span class='ocr_line' id='line_1_38' title="bbox 141 3498 1051 3570; baseline 0.004 -20"><span class='ocrx_word' id='word_1_244' title='bbox 141 3500 380 3551; x_wconf 66' lang='lat' dir='ltr'><strong>THYESTEM</strong></span> <span class='ocrx_word' id='word_1_245' title='bbox 399 3500 541 3552; x_wconf 79' lang='lat' dir='ltr'><strong>ChorusA</strong></span> <span class='ocrx_word' id='word_1_246' title='bbox 570 3498 582 3569; x_wconf 84' lang='grc' dir='ltr'><strong>ΙΙ</strong></span> <span class='ocrx_word' id='word_1_247' title='bbox 606 3505 655 3554; x_wconf 87' lang='grc'><strong>923</strong></span> <span class='ocrx_word' id='word_1_248' title='bbox 674 3501 782 3554; x_wconf 84' lang='lat' dir='ltr'>CHOR.</span> <span class='ocrx_word' id='word_1_249' title='bbox 807 3519 855 3558; x_wconf 88' lang='lat' dir='ltr'><strong>om.</strong></span> <span class='ocrx_word' id='word_1_250' title='bbox 873 3521 895 3555; x_wconf 85' lang='grc' dir='ltr'><em>ω</em></span> <span class='ocrx_word' id='word_1_251' title='bbox 912 3504 1017 3554; x_wconf 71' lang='lat' dir='ltr'><strong>restitui</strong></span> <span class='ocrx_word' id='word_1_252' title='bbox 1038 3499 1051 3570; x_wconf 91' lang='grc' dir='ltr'><strong>ΙΙ</strong></span> 
     </span>
    </p>
   </div>
   <div class='ocr_carea' id='block_1_9' title="bbox 0 0 1168 3922">
    <p class='ocr_par' dir='ltr' id='par_1_11' title="bbox 0 0 1168 3922">
     <span class='ocr_line' id='line_1_39' title="bbox 0 0 1168 3922; baseline 0 2"><span class='ocrx_word' id='word_1_253' title='bbox 0 0 1168 3922; x_wconf 95' lang='lat' dir='ltr'><strong> </strong></span> 
     </span>
    </p>
   </div>
  </div>
 </body>
</html>
