2326 3922
352 139 551 187 PRAEFATIO
867 141 927 187 XLI

87 319 92 355 :
118 297 259 355 ‘nostrum
276 299 385 372 quidem
401 301 535 374 tragicum
556 300 594 354 lta
608 299 738 373 probauit
752 299 814 355 Joh.
830 299 928 374 Regio·

87 401 129 441 nus
157 379 295 459 [loannes
322 383 435 440 Mueller
461 401 487 438 n.
513 382 736 458 lloenigsbergae
760 385 926 440 Francorum

87 467 215 538 lllomae
233 463 329 544 1476]
351 470 557 525 mathematicus
579 470 726 530 excellens,
748 477 780 525 ut
802 487 851 525 sua
866 486 926 526 cum

87 554 224 626 :litigenter
245 561 273 608 et
288 563 403 610 uenuste
418 553 602 626 descripserit.
634 570 714 626 quem
734 553 834 610 librum
856 554 927 627 apud

88 655 129 694 um
151 637 308 712 Agricolam
327 639 496 712 praeclarum
520 637 714 712 philosophum
740 657 755 694 a
776 655 819 693 me
837 641 928 693 uisum

86 740 140 779 >ens
155 722 261 779 contuli
277 740 301 778 e.
318 740 344 796 q.
361 723 397 778 s.'
432 723 477 781 En,
492 723 587 779 eodem
603 723 697 779 codice
714 723 823 778 uidetur
838 725 928 796 perio-

87 808 262 881 agoediarum
280 809 390 862 nornine
401 809 491 863 Lutati
509 809 676 880 grammatici
691 807 837 879 insignitas
854 803 928 881 (sunt

94 891 228 948 Albertini
248 886 369 964 llussati)
398 892 585 965 descripsisse.
629 892 786 949 Fabriciana
808 892 927 948 conlatio

87 985 142 1032 atur
157 977 185 1031 15
200 975 364 1032 bibliotheca
379 977 522 1032 llresdensi
543 974 682 1032 ‘Senecae
697 977 854 1049 tragoediae
868 977 927 1032 bas.

87 1062 118 1118 8⁰
139 1077 202 1118 cnm
225 1063 307 1116 uariis
329 1061 404 1117 lectt.
426 1078 440 1116 a
464 1061 495 1115 G.
516 1059 641 1116 Fabricio
667 1062 762 1118 ecod.
786 1079 835 1117 ms.
856 1077 926 1116 anno

88 1147 222 1201 enotatis'
250 1162 276 1200 5.
297 1145 380 1201 Ebert
401 1145 496 1202 Gescb.
520 1163 546 1200 u.
568 1145 676 1201 Bescbr.
697 1147 723 1202 d.
745 1147 838 1201 ltresd.
860 1145 927 1203 Ribl.

87 1336 238 1397 ntonius
257 1336 389 1398 Delrio
411 1339 463 1412 (ed.
482 1340 564 1397 1576
581 1348 608 1395 et
625 1337 718 1412 1593)
739 1340 791 1395 bos
807 1338 930 1394 adhibuit

99 1424 331 1496 Aquitanicos
347 1440 382 1479 m.
394 1443 415 1480 s.
432 1420 545 1497 ‘quibus
561 1441 620 1480 sum
635 1432 731 1498 postea
748 1424 826 1480 usus'
843 1421 927 1494 (com-

89 1509 121 1564 ad
143 1509 202 1564 Oct.
224 1507 311 1580 405),
340 1508 575 1582 Lugdunense
602 1509 738 1583 exemplar
761 1527 785 1564 5.
809 1507 928 1565 15365

89 1593 260 1650 coCarrione
275 1594 331 1649 lcto
348 1591 385 1665 (n.
401 1593 482 1650 1547
495 1593 519 1664 †
532 1593 623 1666 1597)
639 1611 700 1649 cum
716 1610 754 1650 111
769 1593 845 1650 codd.
862 1609 927 1648 mss.
966 1591 969 1599 “

87 1696 98 1732 s
120 1678 270 1740 conlatum,
293 1694 325 1733 ex
341 1677 441 1751 quibus
457 1679 615 1734 'losanus
635 1679 793 1734 nominatur
813 1677 844 1732 ad
861 1677 926 1733 Oed.

87 1779 182 1818 comm.
204 1779 231 1835 p.
256 1761 348 1832 132),
376 1762 668 1835 burdegalensem
695 1762 727 1819 ab
752 1762 810 1817 Elia
829 1762 928 1817 Vineto

87 1863 144 1903 sum
167 1863 222 1901 non
245 1855 334 1902 tamen
355 1847 492 1920 integrum
513 1846 621 1919 (comm.
638 1865 664 1921 p.
682 1846 754 1919 301)
776 1844 927 1902 ‘betria-

93 1933 136 1987 cui
149 1948 235 2005 pauca
251 1933 329 1987 initio
345 1939 372 1986 et
387 1931 441 1988 line
457 1932 550 1988 foliola
565 1933 678 1988 deerant
693 1931 728 2003 (is
738 1938 797 1987 erat
807 1933 927 2004 optimus

87 2034 104 2071 n
121 2016 220 2089 quibus
237 2014 324 2070 llelrio
341 2033 406 2072 usus
423 2016 489 2088 est),
511 2017 530 2071 E
537 2018 700 2089 guianum
720 2013 751 2091 (s.
768 2016 928 2072 Chauuinia·

102 2095 304 2172 Milangianum)
326 2116 407 2174 quem
423 2101 514 2156 Simon
530 2101 674 2175 lllilangius
691 2110 800 2175 typogr.
818 2116 928 2156 conmo-

87 2185 199 2241 lelrioni
221 2193 361 2258 acceptum
384 2185 456 2242 5111.
477 2185 628 2242 0115551515
648 2185 774 2259 praeside
794 2185 927 2256 Eguiano‚

89 2272 236 2331 utinum,
253 2286 334 2343 quern
351 2271 487 2344 integrum
503 2270 569 2326 dicit
585 2270 632 2325 sed
647 2285 763 2342 prorsus
779 2276 926 2325 recentem.

87 2353 181 2409 abatur
207 2356 235 2408 in
262 2354 389 2427 conlegio
415 2355 553 2410 societatis
575 2356 637 2409 lesu
661 2352 851 2426 moguntiaco,
881 2351 928 2408 ubi

90 2438 171 2495 bod'm
187 2441 222 2493 sit
238 2442 368 2494 nescitur
399 2441 511 2494 manime
528 2447 570 2495 est
585 2436 768 2511 interpolatus
780 2453 830 2494 nec
845 2436 928 2493 ullius

106 2523 217 2578 decedit
233 2522 302 2578 liber
318 2523 551 2580 Winclreliani
567 2523 686 2596 conlegii
704 2521 884 2579 Louaniensis
901 2530 929 2578 et

90 2625 173 2664 anus
202 2608 300 2680 ‘quem
323 2608 405 2663 semel
429 2617 532 2663 tantum
559 2607 719 2681 inspiciendi
743 2608 808 2662 mihi
829 2606 928 2663 Romae

87 2691 164 2746 lnit'.

87 2809 181 2866 istus
200 2807 353 2882 Lipsius
380 2809 481 2883 (prael.
505 2810 586 2866 1587
608 2811 650 2865 ed.
675 2808 772 2881 1588)
799 2825 865 2863 usus
887 2817 929 2863 est

88 2909 145 2948 seo
163 2910 243 2966 quem
259 2912 273 2948 a
290 2894 372 2950 Paulo
385 2894 498 2950 Sclredio
511 2894 619 2950 llelisso
635 2895 707 2950 dono
723 2901 867 2967 acceperat
883 2890 927 2966 (ci.

87 2979 161 3034 irael.
183 2979 215 3033 ad
230 2977 354 3051 Raplrel.)
376 2988 402 3033 et
419 2979 613 3034 Orteliano.
659 2977 749 3034 llultis
770 2995 837 3035 uero
859 2978 927 3035 locis

87 3063 172 3118 ibrum
195 3065 291 3118 suum'
317 3071 502 3119 conmemorat
523 3071 614 3118 utrum
631 3064 732 3118 librum
753 3063 825 3120 dicat
846 3063 928 3119 ambi-

95 3155 151 3211 est;
182 3164 344 3221 quamquam
372 3148 536 3220 aliquotiens
566 3148 599 3203 de
625 3148 755 3204 Orteliani
782 3147 927 3222 scripturis

88 3235 184 3304 engius
200 3250 251 3287 nos
268 3232 400 3288 certiores
416 3233 489 3288 lacit.

87 3357 102 3397 ,·.
119 3339 414 3416 Raphelengius
436 3341 529 3416 (prael.
548 3341 629 3399 1588
646 3342 688 3397 ed.
708 3339 799 3412 1589)
820 3345 928 3412 praeter

91 3429 127 3482 mi
151 3427 264 3483 Orteli
287 3427 385 3483 librum
408 3429 485 3483 cuius
507 3426 641 3482 lectiones
665 3426 750 3498 Rapb.
778 3424 810 3480 ad
832 3422 928 3494 margi·
