2326 3922
180 219 245 284 310
452 233 483 280 u.
509 232 644 279 aarum
667 229 824 280 spureae

149 372 175 432 b'
381 371 467 432 Nunc
483 369 602 431 Phoebe
619 371 702 430 mitte
717 387 824 430 currus

335 455 416 516 nullo
432 463 569 516 morante
583 453 658 515 loro.

334 558 393 600 uox
409 539 516 600 oondat
531 537 608 600 alma
623 537 735 608 lucem,

334 633 449 703 mergat
464 624 541 685 diem
555 622 722 685 timendum

323 709 391 770 ,dux
408 709 502 769 noetis
517 708 678 785 Hesperus.

242 973 402 1023 NVNTIVS.
427 971 574 1020 CHORVS.
597 973 739 1021 NVTRIX.
763 971 895 1021 MEDEA.
921 973 1033 1022 lASOll.

146 1157 165 1190 a
224 1145 328 1191 Nvmr.
352 1130 473 1190 Periere
489 1122 604 1188 cineta.
637 1128 766 1190 eonoidit
780 1131 868 1207 regni
883 1137 983 1191 status.

182 1223 267 1294 gnata
285 1222 372 1294 atque
388 1214 503 1292 genitor
519 1215 619 1274 cinere
634 1214 780 1291 permixto
795 1215 902 1275 iaoeut.

182 1313 262 1361 0110.
286 1318 344 1379 qua
359 1298 463 1359 fraude
480 1297 575 1376 eaptii

180 1399 285 1444 mvrrr.
595 1402 664 1461 -qua
679 1382 776 1443 solent
790 1399 880 1460 reges
893 1384 974 1463 oapi:

183 1469 276 1528 donis,

178 1565 261 1612 0110.
328 1550 431 1610 inillis
448 1568 511 1611 esse
527 1552 593 1629 quis
607 1552 704 1628 potuit
719 1550 821 1612 dolosi

180 1651 283 1696 rivum
309 1643 337 1696 et
352 1637 416 1714 ipse
431 1637 525 1695 miror
543 1636 653 1713 uixque
668 1636 726 1696 iam
742 1635 819 1696 laeto
836 1635 914 1696 malo

180 1722 312 1798 potuisse
327 1719 392 1780 fieri
407 1719 506 1780 oredo.

182 1817 260 1865 0110.
554 1804 619 1882 quis
633 1801 725 1864 eladis
740 1804 865 1864 modus?

146 1888 175 1946 η’-
226 1901 331 1948 rivum
355 1887 468 1947 Auidus
484 1905 538 1964 per
554 1905 673 1947 omnem
689 1887 788 1964 regiae
803 1896 921 1966 partem
938 1888 1006 1949 lurit

181 1984 213 2035 ut
228 1975 324 2033 iussus
340 1973 430 2050 ignis:
448 1973 507 2031 iam
523 1971 629 2031 domus
643 1979 704 2032 tota
720 1971 843 2042 oceidit,

181 2058 249 2118 urbi
264 2059 393 2116 timetur.

181 2154 261 2202 0H0.
431 2139 509 2200 unda
524 2139 658 2200 flammas
673 2141 830 2218 opprimat.
1091 2133 1123 2187 ⁸⁹⁵
1162 2132 1163 2147 ¹

181 2240 285 2287 NVNT.
311 2233 338 2284 et
354 2225 410 2284 hoe
425 2225 456 2283 iu
472 2225 526 2283 ista
543 2222 626 2284 clade
641 2224 808 2285 mirandum
824 2225 946 2285 accidit:

183 2311 233 2372 alit
247 2310 327 2371 unda
342 2308 476 2369 flammas
491 2326 610 2386 quoque
624 2308 802 2387 prohibetur
816 2310 925 2386 magis,

181 2397 273 2471 magis
289 2393 374 2454 ardet
388 2394 479 2470 iguis,
497 2394 559 2470 ipsa
575 2393 722 2470 praesidia
738 2400 874 2470 occupat.

146 2487 163 2536 b
226 2493 328 2538 mvrre.
353 2478 433 2538 Effer
449 2478 570 2536 citatum
586 2476 656 2537 sede
672 2474 797 2554 pelopea
810 2477 938 2554 gradum

183 2563 294 2624 Medea.
324 2579 469 2640 praeceps
485 2559 632 2637 quaslibet
648 2571 744 2622 terras
758 2569 836 2639 pete.
1093 2552 1125 2606 ori

149 2645 176 2706 b'
229 2660 315 2707 mur).
339 2646 441 2723 Egone
456 2652 488 2704 ut
503 2644 660 2705 recedam?
683 2646 708 2705 si
723 2644 923 2724 profugissem
938 2647 1032 2724 prius:

181 2731 217 2793 ad
233 2733 290 2809 hoo
306 2731 444 2790 redirem.
476 2730 594 2808 nuptias
609 2735 711 2808 specto
727 2747 830 2790 nouas.

147 2840 163 2874 e
227 2816 302 2888 Quid
319 2816 415 2875 anime
432 2815 575 2874 cessas?
598 2829 726 2890 sequere
742 2813 858 2874 felicem
875 2815 1044 2894 impetum

180 2919 249 2978 pars
265 2899 421 2961 ultionis
436 2899 489 2957 ista
506 2916 563 2977 qua
579 2897 796 2976 gaudesiquoia
812 2899 875 2959 esti

179 3003 261 3046 amas
277 2985 373 3045 adhue
389 2983 498 3043 furiosa
515 2984 539 3042 si
555 2983 625 3042 satis
641 2981 753 3044 esttibi
1097 2970 1129 3028 ⁹⁰⁶

249 3239 299 3291 886
312 3238 444 3303 hesperus
453 3253 475 3286 ω
486 3235 643 3301 hesperugo
652 3233 913 3302 embammatum„
927 3229 1089 3286 uvrrflvs·

180 3305 327 3357 GHORVS
346 3329 353 3345 ·
370 3302 501 3353 MEDEA
521 3327 528 3342 ·
547 3301 658 3354 IASON
675 3303 701 3352 Ε
729 3300 912 3354 NVNOIVS·
933 3298 1090 3354 OHORVS·

180 3375 322 3427 NVTRIX
333 3398 339 3411 ·
350 3368 480 3423 MEDEA
491 3395 498 3410 ·
509 3369 621 3422 IASON
632 3370 657 3420 A
674 3366 687 3436 ΙΙ
703 3371 754 3421 880
770 3367 855 3428 OHO.
871 3369 953 3423 (lonis
966 3370 999 3421 in
1009 3366 1093 3421 illus

181 3443 277 3493 Donis.
298 3440 382 3492 0110.
403 3439 432 3488 in
450 3437 507 3489 illia
525 3439 550 3489 A
579 3434 592 3504 ΙΙ
620 3439 671 3489 894
688 3438 836 3488 inmissus
853 3438 887 3490 ei.
908 3440 991 3493 oron.
1012 3433 1026 3506 ΙΙ
1052 3437 1095 3489 stt

181 3509 287 3560 NVTR.
306 3510 330 3558 A
349 3525 396 3560 om.
416 3501 462 3572 El}
475 3505 605 3573 pelopeia
624 3507 648 3555 A
667 3505 786 3571 pelopea
804 3503 830 3553 Ε
851 3501 865 3571 ss
