2326 3922
278 198 459 246 nsnovccs
477 183 666 267 [osrnnvs]
865 185 930 251 423

273 434 465 483 HERCVLES.
489 434 668 485 Ancmnnn.

83 600 205 653 onuerte
220 591 318 652 uoltus
333 591 369 651 ad
386 610 467 652 meos
483 591 583 652 clades
600 599 693 670 pater.

85 696 175 755 quem
190 676 226 736 od
242 683 307 736 tuas
322 675 454 754 confugit
468 675 584 737 Alcides
599 696 719 748 manns,

92 781 158 822 cum
175 779 229 839 per
244 769 325 821 ortus
341 761 434 840 hydra
450 762 612 822 secundnm
629 781 710 824 meos

83 854 100 907 it
117 846 289 926 explicaret.
322 848 399 906 inter
414 846 549 906 internos
563 845 647 908 lacus

83 949 167 992 essus
183 939 246 991 1111
261 939 348 991 nocte
365 949 431 991 cum
447 931 506 992 lato
522 933 589 992 steti

84 1015 230 1076 inuocaui.
261 1022 304 1076 tot
318 1015 398 1077 ieras
414 1017 473 1075 uici
489 1014 626 1076 horridas

84 1120 98 1160 s
114 1107 253 1179 tyrannos
270 1117 325 1160 nec
340 1110 439 1161 temen
456 1098 553 1160 uoltus
569 1119 651 1161 meos

83 1195 135 1245 stro
152 1187 242 1244 torsi:
265 1202 384 1263 semper
399 1185 472 1245 haec
487 1185 574 1247 nobis
589 1204 696 1246 manus

86 1289 114 1329 m
132 1270 298 1348 spopondit.
331 1269 410 1330 nulla
427 1286 481 1346 pro
493 1289 553 1346 per
569 1289 616 1330 me
632 1288 716 1330 sacro

83 1373 143 1414 rere
159 1354 241 1415 caelo
257 1353 395 1424 fulmina,
414 1355 462 1414 hic
478 1354 587 1435 aliquid
604 1354 666 1416 dies

82 1458 115 1499 re
131 1440 223 1499 iussit.
254 1440 368 1517 primus
384 1439 512 1500 audieris
528 1458 633 1518 preces

83 1541 306 1603 rquesummus
338 1525 457 1583 unicum
474 1524 586 1585 fulmen
602 1530 682 1601 peto.
949 1535 1014 1586 1305

83 1616 129 1668 ota
146 1608 248 1669 erede:
273 1626 331 1668 non
345 1610 444 1668 minus
460 1609 574 1670 caelum
591 1609 663 1669 mihi

83 1712 145 1755 rere
160 1694 258 1770 potui,
275 1694 345 1753 dum
362 1702 476 1770 patrem
493 1713 597 1754 uernm
614 1701 703 1774 puto,

83 1797 93 1837 1
110 1779 238 1857 peperci.
272 1779 334 1838 siue
350 1777 478 1838 crudelis
495 1786 578 1856 peter

90 1881 122 1923 es
139 1863 324 1923 misericors:
350 1863 494 1923 conmoda
510 1871 580 1925 noto
596 1881 685 1925 manu

83 1955 191 2008 teranto
206 1954 332 2008 mortem
350 1956 378 2007 et
394 1966 506 2024 occupa
523 1949 600 2008 hone
615 1947 732 2008 laudem
749 1948 809 2008 tibi.
948 1959 1014 2009 1310

83 2034 99 2091 ri
115 2035 194 2109 piget
209 2049 374 2109 manusque
389 2033 535 2093 detrectat
551 2033 650 2094 nelos:

83 2124 110 2177 te
126 2115 219 2177 siculo
235 2119 348 2176 uertice
363 2118 501 2178 ardentes
518 2125 602 2194 peter

83 2220 130 2261 nos
145 2203 175 2260 in
191 2219 238 2261 me
255 2203 304 2279 qui
320 2219 424 2262 manus
440 2202 532 2263 Pindo
551 2202 627 2262 leret

83 2285 190 2346 elissa
208 2287 259 2364 qni
275 2305 322 2346 me
339 2294 438 2347 monte
454 2295 598 2364 prorupto
615 2289 772 2366 opprimat.

87 2379 167 2449 mpat
181 2370 271 2431 Erebi
287 2370 429 2439 claustra,
447 2391 495 2432 me
511 2373 613 2432 stricto
629 2379 710 2450 petet
948 2382 1013 2432 1315

83 2606 273 2658 HERCVLES
288 2632 294 2645 ·
308 2606 484 2657 ALCMENA
503 2608 528 2656 E
541 2609 566 2658 A
585 2607 816 2659 Hnncvmnsn
833 2617 926 2660 utrum·

83 2691 122 2726 rm.
141 2671 190 2740 pss
201 2677 267 2725 1297
286 2675 441 2739 explicaret
459 2677 518 2739 Εψ
538 2675 703 2740 implicaret
722 2693 741 2727 α
758 2694 794 2727 ex
811 2679 928 2728 Danielis

103 2739 116 2807 l}
145 2743 211 2794 1298
234 2743 374 2793 obsessus
399 2744 475 2796 NHs.
501 2751 528 2794 at
551 2745 585 2806 cf.
605 2745 686 2797 Herc.
706 2745 723 2796 1
741 2749 792 2797 286
820 2742 832 2811 Η
862 2748 928 2798 1300

83 2811 106 2860 Ε
134 2826 190 2861 non
208 2810 233 2859 A
257 2806 269 2876 ΙΙ
293 2813 358 2861 1302
377 2818 489 2876 propter
507 2827 548 2861 me
567 2811 592 2860 E
605 2812 630 2861 A
660 2829 702 2863 me
721 2818 834 2879 propter
852 2815 928 2864 NHe.

83 2893 119 2928 ne
139 2876 198 2940 (om.
217 2884 276 2943 pro)
299 2880 323 2929 R
352 2895 400 2943 pro
419 2895 474 2944 per
492 2896 533 2929 me
556 2882 652 2943 scripsi
679 2877 690 2946 ΙΙ
721 2884 787 2932 1303
807 2880 928 2944 aliquod

83 2985 85 2997 ,
108 2942 120 3012 [Ι
145 2947 210 2996 1304
229 2946 349 2997 audieris
368 2947 393 2995 Ε
418 2949 539 2998 audierit
555 2948 580 2997 A
600 2947 709 2998 audiuit
726 2949 805 2999 Rncs.
819 2949 908 2998 Delrii'

89 3013 197 3064 eoelum
211 3014 235 3062 E
244 3015 285 3064 lm
303 3030 397 3065 uerum
411 3018 434 3064 A
448 3013 459 3081 ΙΙ
473 3019 538 3067 1309
550 3030 659 3064 monum
673 3033 694 3065 oo
712 3031 800 3064 manu
812 3016 908 3080 scripsi
923 2947 928 3081 l

97 3082 270 3146 Properante
293 3088 379 3132 morte
397 3084 423 3132 E
449 3085 571 3148 Propera
591 3087 655 3133 ante
674 3087 788 3134 mortem
806 3084 831 3133 A
859 3086 928 3135 Pro·

87 3164 183 3213 mque
202 3155 315 3200 mortem
329 3151 426 3205 [Gron.
454 3152 614 3216 Properato
627 3156 741 3201 mortem
755 3152 847 3203 Gron.'
862 3153 928 3202 Pro-

83 3217 136 3267 ndo
155 3223 268 3268 mortem
288 3220 363 3268 NHs.
386 3215 398 3284 Η
423 3223 487 3270 1311
507 3221 688 3281 detractate
709 3215 721 3284 [1
745 3222 811 3271 1313
830 3234 927 3269 manus

83 3302 91 3336 )
110 3285 184 3335 foret
205 3286 228 3335 Ε
245 3302 328 3336 mann
345 3287 463 3337 Pindum
482 3288 575 3337 ferant
592 3287 617 3336 A
634 3282 645 3352 ll
664 3287 729 3337 1314
746 3288 802 3336 Aut
819 3301 884 3337 ossa
902 3286 927 3335 Ε

82 3371 98 3404 e
110 3361 211 3416 ossam
229 3356 301 3405 Ante
314 3354 386 3405 Ossa
398 3357 424 3406 A
441 3352 452 3421 ΙΙ
469 3355 624 3420 proscripto
642 3355 667 3405 Ε
685 3357 830 3419 prerupto
849 3354 926 3408 NHe.

83 3426 133 3472 =cto
151 3424 175 3471 A
188 3418 200 3488 Η
212 3423 351 3556 ορρΗ1111111
369 3424 394 3472 Ε
412 3424 568 3489 opprimant
586 3424 611 3473 A
623 3419 636 3489 Η
648 3423 714 3474 1315
731 3422 884 3487 Abrumpct
902 3422 927 3471 Ε

85 3506 147 3555 mpe
167 3495 195 3540 et
213 3491 237 3539 A
