2326 3922
502 206 625 254 mensa
956 186 1019 250 293

62 354 87 409 e'
145 348 211 409 Non
227 349 347 426 rapidus
363 349 457 407 amnis
473 365 532 406 noir
548 345 745 424 procellosum
762 361 844 404 mare

98 442 251 512 pontusue
268 452 337 493 coro
354 452 460 495 saeuus
476 441 526 492 aui
540 433 586 492 uis
600 433 712 510 ignium
969 451 971 455 ’
1037 437 1088 486 415

100 520 202 580 adiuta
217 518 287 578 flatu
302 520 395 597 possit
410 517 547 578 inhibere
562 519 704 595 impetum

99 607 221 681 irasque
239 613 369 663 nostras:
393 609 556 663 sternam
574 610 609 662 et
625 607 791 662 euertam
809 601 938 659 omnia.
971 613 1032 663 Quat.
1051 610 1089 650 vu

63 698 83 746 d
147 687 255 748 Timuit
271 688 427 749 Creontem
445 705 478 745 ac
494 685 569 746 belia
587 685 735 747 thesselini
752 685 854 745 ducis?
972 697 995 737 F·
1010 695 1065 736 [ΝΗ

100 790 186 834 amor
201 775 306 832 timere
322 773 468 832 neminem
486 790 576 832 uerus
591 779 696 848 petest.

100 857 154 917 sed
172 859 293 917 cesserit
308 863 427 916 coactus
443 862 472 915 et
488 855 603 915 dederit
618 873 737 915 manus:
1039 866 1090 915 420

101 941 186 1001 adire
202 949 305 1001 certe
320 943 474 1016 coniugem
491 949 623 1000 extremo
640 940 758 1017 adloqui

100 1043 242 1086 sermone
257 1028 397 1104 potuit,
413 1026 471 1084 hoe
486 1042 604 1102 quoque
620 1026 754 1084 extimuit
769 1024 861 1083 ferox.

61 1113 90 1170 d'
146 1111 260 1170 Laxare
276 1118 379 1170 cerie
396 1117 511 1187 tempus
526 1110 636 1169 inmitis
652 1108 738 1185 fugae

100 1213 214 1272 genere
230 1192 388 1275 licebat:
412 1193 513 1254 liberis
530 1211 606 1253 unus
622 1193 683 1253 dies

100 1280 189 1340 datus
205 1285 249 1339 est
264 1278 389 1339 duobus.
406 1314 446 1325 -
465 1296 522 1337 non
540 1296 650 1356 queror
667 1285 783 1354 tempus
798 1276 906 1336 breue:
1040 1289 1091 1338 425

100 1364 228 1423 muitum
245 1363 364 1442 patebit.
398 1362 485 1422 faciei
500 1363 549 1423 hir.
566 1362 653 1422 saciet
669 1361 730 1422 dies

101 1447 183 1527 quod
199 1448 297 1507 nuilus
313 1465 454 1523 umquam
472 1455 576 1507 taceat.
607 1446 744 1510 inuadam
762 1446 834 1506 deos

102 1541 133 1593 et
149 1541 255 1593 cuneta
271 1534 408 1610 quatiam.

64 1618 99 1675 c''
147 1631 249 1676 NVTR.
454 1617 564 1694 Recipe
580 1615 731 1677 turbatum
747 1614 831 1676 malis

102 1718 154 1762 era
168 1708 281 1779 peetus
314 1703 444 1760 animum
461 1703 571 1779 mitiga.

100 1797 190 1845 MED.
620 1783 681 1844 sela
698 1791 743 1845 esi
758 1785 841 1864 quies

101 1887 243 1929 mecum
260 1871 366 1931 ruina
384 1877 518 1930 cuncta
535 1870 558 1928 si
575 1870 662 1930 uideo
678 1869 821 1929 obruta.
1039 1881 1090 1930 430

103 1972 244 2013 meeum
261 1956 379 2013 omnia
397 1954 541 2015 abeant.
573 1955 692 2014 trahere
707 1954 773 2013 'eum
791 1971 896 2030 pereas
912 1954 991 2014 iiber..

66 2041 95 2096 a'
149 2052 251 2097 errr.
277 2039 369 2109 Quam
386 2039 476 2098 muita
493 2039 551 2098 sint
566 2040 694 2099 timenda
711 2041 735 2098 si
749 2047 865 2116 perstas
881 2040 948 2099 uide

102 2141 192 2183 neme
208 2130 344 2201 potentes
360 2123 481 2201 aggredi
497 2129 577 2184 tutus
592 2131 699 2201 petest.

444 2387 558 2436 IASON.
583 2389 681 2435 IDEM.

65 2568 84 2602 a
146 2541 170 2603 0
186 2544 279 2605 dura·
294 2544 349 2604 iata
366 2562 484 2622 semper
500 2552 529 2608 et
543 2550 655 2605 sortem
671 2563 806 2625 asperam

101 2645 168 2687 eum
185 2629 279 2688 saeuit
295 2635 322 2689 et
338 2648 404 2689 eum
423 2631 519 2708 parcit
534 2649 568 2689 ex
586 2647 681 2710 aequo
697 2629 774 2704 maia
809 2626 811 2628 ’

99 2713 230 2772 remedia
248 2715 383 2792 quotiens
399 2715 513 2774 inuenit
528 2713 615 2774 nohis
631 2714 704 2775 deus

98 2795 243 2872 perieulis
258 2799 368 2876 peiora.
399 2799 423 2857 si
439 2797 546 2860 uellem
565 2798 653 2861 fidem
726 2792 732 2799 ¹

164 3019 218 3067 415
256 3023 390 3082 oniasque
409 3020 434 3069 Α
453 3023 589 3084 pontusue
608 3018 633 3067 E
656 3015 668 3084 Η
690 3020 741 3068 420
760 3020 905 3069 conuictus
924 3021 950 3071 Α
975 3036 1019 3072 eo.-

96 3089 178 3135 aetus
197 3085 223 3134 Ε
234 3034 307 3151 ffral
327 3091 356 3136 et
368 3088 513 3152 coniugem
527 3087 552 3136 A
572 3087 764 3150 coniugemet
781 3088 808 3137 E
827 3093 855 3137 et
872 3104 919 3139 om.
934 3088 984 3140 Bo.
1006 3092 1019 3153 Η

94 3155 148 3204 425
166 3152 254 3203 estE
272 3169 319 3204 om.
338 3154 363 3203 A
392 3150 405 3220 ΙΙ
433 3157 483 3205 426
506 3154 552 3204 hie
570 3154 630 3204 dies
648 3154 780 3204 faeieiE
809 3154 1021 3220 (transposuiw

94 3225 138 3272 uel
154 3223 173 3271 3
189 3219 235 3284 m.)
253 3220 299 3271 hie
315 3221 404 3271 faciet
421 3220 480 3271 dies
498 3222 523 3271 Α
548 3218 559 3288 Η
582 3222 633 3271 428
650 3223 788 3286 reprime
808 3226 911 3274 conieci.
934 3224 946 3290 ΙΙ
969 3228 1019 3274 433

93 3286 609 3422 mama
623 3291 739 3408 am
752 3286 1019 3422 arr-mam

93 3422 174 3543 areola
191 3423 218 3558 ᾗ
228 3419 243 3491 ΙΙ
256 3425 306 3474 436
325 3425 409 3474 toties
429 3425 453 3475 Α
473 3373 642 3489 quotienqu
653 3423 665 3491 Η
682 3395 732 3476 43'i
751 3392 851 3474 uellem
869 3425 970 3474 uicem
988 3428 1019 3476 ci.

151 3509 177 3541 n.
