2326 3922
503 155 669 255 rnannnn
988 193 1047 256 147

216 352 307 412 uincit
321 366 426 410 saeuas
442 366 513 408 cura
529 365 682 408 nouereas.
1065 358 1114 408 365

260 434 351 495 Altrix
368 433 487 512 prolare
504 427 572 512 qnid
588 432 685 492 ieras?
708 449 836 510 quonam
852 433 882 491 in
898 430 965 492 loeo
981 439 1025 492 est
1106 462 1108 466 ·

216 520 338 596 regina?
361 521 458 578 saeuis
474 518 574 593 eequis
590 525 634 576 est
648 516 775 577 tlammis
792 517 914 576 modus?

329 733 471 782 NVTRIX.
496 732 673 780 PHAEDRA.
699 731 844 779 CHORVS.

87 885 106 916 a
176 859 251 935 Spes
267 856 345 917 nulla
362 863 475 917 tantum
491 873 579 933 posse
594 853 681 914 leniri
698 854 807 914 malum

125 944 256 1020 finisque
272 942 398 1001 flammis
413 939 512 1000 nullus
527 940 640 999 insanis
656 940 721 998 erit.

125 1034 263 1087 torretur
279 1034 361 1086 aestu
377 1027 465 1085 tacito
481 1031 511 1084 et
524 1024 656 1084 inclusus
672 1041 790 1101 quoque

126 1112 267 1190 quamuis
284 1116 397 1188 tegatur
413 1110 549 1189 proditur
564 1107 648 1169 uultu
665 1108 763 1167 luror:

127 1197 261 1273 erumpit
276 1194 371 1255 oculis
385 1195 464 1271 ignis
480 1201 509 1254 et
524 1192 619 1253 lassae
635 1209 732 1269 genae

126 1281 228 1340 lucem
243 1286 394 1339 recusant.
427 1278 499 1338 nihil
515 1277 592 1338 idem
609 1278 717 1338 dubiae
732 1276 829 1356 placet

126 1372 270 1442 artusque
285 1365 367 1424 uarie
382 1363 470 1423 iactat
484 1365 615 1423 incertus
631 1362 725 1422 dulor.

95 1458 113 1506 b
174 1449 259 1509 Nunc
275 1455 308 1508 ut
322 1447 417 1508 solutu
432 1448 541 1508 labitur
557 1448 687 1507 moriens
701 1446 793 1524 gradu

126 1544 159 1595 et
175 1535 224 1593 uix
240 1531 359 1593 labante
375 1534 499 1593 sustinet
515 1531 590 1592 nullo
607 1538 711 1609 caput,

126 1635 208 1678 nunc
224 1635 256 1678 se
273 1618 364 1694 quieti
380 1616 478 1677 reddit
493 1625 521 1677 et
536 1617 631 1676 sumni
647 1618 792 1675 inmemor

125 1711 247 1763 noctem
264 1701 394 1778 querelis
409 1701 498 1761 ducit.
531 1700 622 1761 attolli
637 1700 721 1760 iubet

124 1790 296 1863 iterumque
311 1787 384 1862 poni
398 1803 508 1864 carpus
532 1793 560 1846 et
575 1784 650 1845 solui
667 1802 781 1851 comas,

124 1888 293 1950 rursusque
308 1870 388 1948 fingi.
418 1887 536 1948 semper
551 1871 697 1947 inpatiens
713 1870 759 1929 sui

125 1962 260 2016 mutatur
275 1953 402 2016 babitus.
433 1953 513 2014 nulla
529 1955 587 2015 iam
603 1955 719 2015 Cereris
735 1953 815 2013 subit

125 2058 199 2101 eura
216 2047 266 2100 aut
281 2037 394 2101 salutis
427 2040 507 2100 uadit
521 2041 635 2101 incerto
651 2039 728 2116 pede

124 2128 187 2185 iam
202 2123 316 2184 uiribus
332 2124 455 2185 delecta.
488 2142 547 2183 nnn
563 2124 641 2183 idem
658 2124 743 2201 uigor

124 2227 189 2270 non
205 2225 256 2268 nra
272 2209 389 2286 tingens
404 2210 489 2270 niuea
505 2206 800 2287 purpureusrub01·:

82 2292 111 2350 b'
171 2291 332 2371 Populatur
347 2301 429 2354 artus
443 2310 529 2361 eura,
552 2293 610 2352 iam
626 2309 746 2370 gressus
762 2298 891 2351 tremunt

124 2387 272 2454 tenerque
288 2376 370 2436 nitidi
386 2377 520 2455 corporis
536 2376 642 2437 cecidit
657 2376 748 2438 decor

124 2471 156 2522 et
173 2463 224 2536 qui
240 2460 375 2520 serebant
389 2462 472 2538 signa
489 2460 641 2538 phoebeae
658 2456 730 2522 lacis

125 2543 206 2606 ocrrb
220 2543 295 2604 nibil
309 2544 419 2622 gentile
436 2563 492 2606 nee
506 2547 635 2624 patrium
651 2546 771 2606 micant.

123 2629 268 2690 lacrimae
284 2628 394 2688 eadunt
407 2647 462 2708 per
478 2647 529 2692 nra
546 2639 575 2691 et
590 2630 707 2690 assiduo
724 2648 818 2707 genae

124 2731 196 2774 rore
210 2713 377 2789 inrigantur
393 2713 518 2791 qualiter
534 2715 625 2776 Tauri
640 2717 714 2791 iugis

122 2796 227 2877 tepido
243 2797 417 2858 madescunt
431 2799 528 2859 imbre
543 2817 702 2879 percussae
719 2801 811 2860 niues.

123 2881 178 2944 sed
194 2899 233 2942 en
248 2889 404 2957 patescunt
418 2884 521 2961 regiae
537 2883 661 2960 fastigia.

192 3085 243 3136 aar
265 3084 365 3150 regina
382 3086 476 3136 saeuis
494 3086 602 3150 etquis
621 3086 635 3137 ἔ
654 3086 770 3136 flammis
788 3085 884 3136 modus
901 3086 927 3135 Ε
948 3103 1043 3138 uersus

121 3152 171 3204 buo
188 3155 245 3204 loeo
262 3158 368 3202 omissus
385 3156 478 3218 lepitana
494 3156 522 3204 iu
539 3155 564 3203 A
579 3161 641 3218 post
657 3172 682 3204 u.
702 3155 753 3203 412
771 3152 889 3218 (sepone
909 3153 951 3215 -l
975 3156 1043 3204 Vide

122 3222 197 3271 adu.
211 3221 266 3272 3⁴8
300 3226 395 3285 postu.
409 3223 461 3271 36⁷
472 3237 539 3272 noua
550 3237 646 3272 scaena
656 3224 683 3271 in
695 3221 745 3272 Eu
760 3221 909 3274 NVTRIX.
928 3221 1040 3272 PHAE-

119 3286 206 3339 ΒΕΔ.
225 3285 278 3338 ΟΠ
303 3285 380 3338 live.
398 3287 424 3338 Ε
437 3288 555 3354 phedra.
574 3290 674 3340 nutrix.
693 3289 814 3354 ypolitus
828 3286 873 3356 61]
884 3289 935 3340 368
953 3287 1042 3336 lenire

120 3354 147 3405 Ε
168 3350 185 3423 ss
205 3357 259 3408 872
279 3353 380 3420 lapsae
398 3372 417 3408 α
434 3354 527 3408 lassae
545 3357 595 3421 Ep
618 3353 629 3424 ll
652 3360 701 3408 377
724 3373 778 3406 nen
796 3373 825 3407 se
844 3373 863 3406 α
885 3353 897 3422 ΙΙ
920 3356 970 3405 383
994 3353 1042 3403 de·

118 3424 200 3476 foeta
218 3419 329 3491 011le
346 3424 436 3474 nitida
453 3441 476 3476 ω
493 3424 591 3476 niuea
608 3425 752 3476 Markland
765 3421 778 3491 Η
794 3425 843 3476 387
861 3423 997 3474 tenebant
1015 3421 1041 3470 A

10 3490 25 3621 'k
117 3491 255 3544 ferebant
270 3486 321 3560 ΕΗ
332 3493 382 3544 391
400 3492 532 3558 perfusae
550 3494 575 3543 A
594 3507 743 3558 percussae
762 3492 788 3542 E
819 3492 823 3553 l

761 3573 822 3639 10=÷=

17 3792 36 3889 l
