2326 3922
169 214 234 280 loo
558 224 701 275 incurri

171 370 244 430 haul
257 385 345 446 posse
361 369 455 435 uinci,
472 367 522 445 qui
538 364 647 426 malum
664 373 693 426 el
710 367 811 427 uiuum
829 366 912 428 1111111

171 452 249 515 elisil
264 453 402 531 hydram,
420 453 507 511 deme
523 469 590 510 cum
606 451 694 510 infixo
710 452 791 511 stelit

170 538 268 598 media
285 537 392 615 palude
408 539 501 596 uictor
518 536 611 595 effuso
627 535 752 595 obrutus

169 632 255 683 arlus
270 640 397 681 ueneno.
430 621 550 698 sanguis
566 620 645 680 hunc
662 619 745 680 Nessi
761 623 911 700 opprimet

172 708 223 786 qui
239 708 309 767 ulcll
322 707 402 783 ipsas
417 706 532 765 horridi
548 705 630 765 Nessi
647 707 772 766 manus?

171 805 292 850 Durare.
310 791 417 851 lruslra
434 798 552 850 tenetur
567 789 616 849 ille
632 792 682 869 qui
698 792 800 850 slatuil
815 792 901 851 mori.

171 876 298 955 proinde
313 873 409 935 lucem
425 875 529 950 lugere
545 874 698 934 decretum
715 883 759 934 est
775 875 857 936 mihi.

171 964 247 1022 uixit
262 962 332 1020 salis
348 962 526 1038 quicumque
542 977 609 1018 cum
625 958 726 1020 Alcide
742 961 860 1020 occidit.

171 1060 274 1106 erss.
292 1064 345 1122 per
362 1046 414 1103 has
429 1043 521 1104 aniles
536 1063 605 1104 ecee
621 1053 650 1103 le
665 1042 789 1122 supplex
805 1063 908 1106 comas

172 1139 261 1208 alque
277 1129 369 1189 ubera
386 1132 438 1189 isla
455 1148 550 1206 paene
566 1137 698 1189 materna
716 1128 857 1189 obsecro:
915 1176 918 1181 .

173 1215 289 1291 depone
305 1215 431 1273 tumidas
447 1215 575 1292 pectoris
590 1213 659 1273 lassi
674 1215 768 1273 minas

172 1301 335 1376 morlisque
352 1299 434 1358 dirae
451 1297 565 1378 expelle
580 1299 732 1358 decretum
750 1299 905 1359 horridum

171 1398 294 1444 Duram.
311 1387 490 1462 quicumque
507 1386 616 1442 misero
633 1382 709 1442 sorte
725 1382 876 1444 dissuadet
891 1385 967 1444 morl

170 1469 303 1528 crudelis
318 1467 366 1527 ille
383 1477 435 1528 est.
466 1469 585 1528 iuterim
603 1485 697 1543 poena
713 1475 758 1527 est
775 1470 864 1538 mori,

169 1554 225 1612 sed
242 1571 329 1630 saepe
346 1553 471 1612 donum:
495 1552 630 1631 pluribus
645 1555 750 1612 ueniae
766 1552 828 1613 lull.

172 1652 276 1697 Nure.
294 1638 419 1697 delendo
435 1637 538 1697 saltem
555 1638 706 1697 dexteram
723 1637 822 1696 iulelii
839 1644 935 1697 tuam:

170 1722 345 1800 fraudisque
362 1723 474 1782 lacinus
490 1740 553 1782 esse
571 1740 628 1781 uon
645 1732 753 1798 nuptae
770 1724 874 1782 sciant.

172 1820 293 1866 Duram.
312 1807 454 1867 delendar
470 1807 541 1866 illic:
565 1806 653 1866 inseri
669 1806 824 1866 absoluenl
839 1825 937 1877 ream,

173 1911 190 1951 a
206 1910 252 1951 me
268 1894 331 1968 ipsa
347 1892 480 1951 damnor.
512 1900 619 1970 purget
634 1891 687 1951 has
702 1892 809 1951 Philon
825 1909 939 1953 manus.

173 1976 256 2036 stabo
274 1984 341 2035 aule
358 1977 436 2054 ripas
451 1978 598 2036 inmemor
614 1976 706 2036 Lethe
722 1982 787 2036 luas
1079 1973 1113 2022 999

172 2071 201 2121 el
217 2061 322 2120 umbra
339 2064 428 2119 tristis
445 2064 602 2138 coniugem
620 2063 763 2137 excipiam
782 2079 892 2121 meum.

172 2147 224 2206 sed
241 2153 271 2205 lu
288 2147 431 2222 nigrantis
446 2164 536 2222 regua
554 2147 602 2223 qui
620 2141 740 2224 torques
756 2144 815 2222 poli

172 2247 245 2308 para
261 2229 402 2290 lahorem.
434 2231 545 2290 scelera
563 2248 637 2308 quae
653 2234 777 2309 quisque
794 2248 884 2289 ausus
901 2237 960 2299 est,

172 2315 220 2374 hio
237 2316 329 2374 uincit
345 2333 445 2382 error,
464 2313 558 2394 [Iuno
574 2333 633 2376 oon
649 2333 726 2375 ausa
741 2317 903 2376 Herculem

172 2405 292 2477 erepere
305 2398 411 2478 terris]
428 2400 580 2459 horridam
597 2416 722 2476 poenam
740 2417 821 2476 para.
1077 2387 1109 2440 99

240 2640 288 2687 921
304 2652 357 2700 qua
370 2637 395 2685 E
408 2637 453 2700 qui
467 2637 490 2684 A
502 2643 563 2700 port
574 2638 598 2687 11.
611 2654 635 2685 u.
649 2642 738 2686 iterum
751 2639 867 2699 lequntur
879 2637 958 2686 hoec:
971 2635 1064 2698 Serpess·

172 2707 210 2753 tis
227 2705 297 2753 illud
315 2706 392 2753 uirus
415 2709 446 2753 ut
465 2705 540 2753 fama
560 2710 602 2753 est
619 2703 720 2768 ydreq
743 2700 754 2768 Η
778 2706 828 2753 922
852 2703 935 2753 dente
955 2717 1010 2751 cum
1028 2696 1065 2746 fi1⁰

174 2776 273 2821 tenens
290 2772 315 2819 E
338 2771 420 2821 dente
440 2788 501 2821 cum
520 2772 604 2821 infixo
622 2772 700 2821 stetit
718 2773 741 2820 A
767 2771 792 2819 d,
811 2786 873 2820 curn
889 2770 942 2820 fixo
960 2774 1065 2819 trucem

174 2840 200 2889 N
205 2842 251 2892 lle.
270 2856 304 2888 on
318 2840 437 2889 confixo
451 2843 567 2890 lenens?
579 2837 591 2905 ΙΙ
603 2842 652 2891 925
665 2840 769 2888 horridi
782 2839 833 2887 EA
853 2839 979 2888 horridas
991 2847 1011 2900 ψ
1023 2836 1066 2884 hor·

174 2909 258 2956 ridus
278 2909 352 2958 NHc.
375 2905 386 2971 ll
407 2910 457 2958 929
476 2913 604 2958 tenentur
624 2908 647 2956 E
666 2912 777 2956 tenetur
796 2909 819 2955 A
838 2903 850 2972 ll
867 2909 917 2956 929
935 2909 974 2957 dic
992 2907 1066 2970 quoque

173 2977 258 3027 Hl'L.
282 2976 405 3026 ENV'P.
425 2978 449 3025 A
473 2973 485 3041 ΙΙ
509 2992 573 3025 ecce
593 2993 638 3027 om.
658 2976 680 3024 R
703 2972 714 3039 Η
738 2977 786 3024 931
807 2974 875 3023 lassi
895 2975 920 3023 Ε
944 2968 1044 3024 laesid
1058 2959 1067 3023 ll

174 3026 1068 3107 mmmummmammMammmm

173 3126 220 3159 om.
240 3110 265 3159 Ε
288 3107 300 3175 ΙΙ
326 3112 424 3160 donum
445 3111 568 3177 pluribus
587 3111 612 3158 Ε
631 3111 656 3159 d.
677 3112 705 3158 in
724 3111 761 3174 pl.
781 3110 806 3159 A
829 3105 841 3174 ΙΙ
866 3111 966 3160 ueniae
984 3108 1031 3158 fuit
1044 3095 1068 3150 19

173 3177 262 3227 uenia
276 3179 373 3226 obfuit
388 3180 490 3229 Grotius
503 3196 536 3227 un
548 3179 636 3226 uenia
650 3178 747 3226 afuit?
758 3174 769 3242 ΙΙ
782 3179 831 3227 936
844 3178 928 3227 NVN.
942 3177 967 3226 E
979 3193 1022 3228 om.
1033 3169 1050 3221 A
1060 3162 1069 3223 ll

174 3245 299 3295 dextram
318 3254 341 3308 ψ
363 3243 374 3310 Η
398 3249 447 3296 937
467 3249 558 3296 sciant
578 3246 600 3293 Ε
619 3246 693 3294 scias
712 3247 736 3294 A
757 3246 828 3294 sciet
846 3245 920 3308 ,rap
941 3242 952 3312 Ι]
975 3246 1022 3296 938
1036 3235 1070 3286 ab·

175 3314 286 3365 soluent
297 3314 323 3363 E
341 3315 449 3364 soluent
464 3315 486 3363 A
499 3315 510 3376 ΙΙ
523 3317 572 3364 939
591 3314 687 3377 pluton
700 3313 725 3360 Ε
743 3313 825 3362 Pluto
839 3313 863 3361 A
877 3296 1071 3379 ΙΙ944111111119

174 3383 245 3431 uicit
263 3385 288 3432 A
307 3383 403 3431 uincit
422 3384 474 3432 GR.
488 3378 500 3448 ll
516 3381 579 3432 9449
598 3384 658 3431 945³
677 3381 757 3442 (Iuno
776 3407 808 3415 —
827 3381 922 3444 terris)
942 3386 1026 3431 ‘tolum
1039 3374 1072 3423 199

174 3451 234 3498 oillei
249 3458 391 3514 suspectum
409 3457 435 3499 ul
454 3453 537 3500 alieno
556 3454 610 3500 loro
626 3451 746 3512 positem'
766 3449 863 3498 Delrio.
883 3451 974 3499 deleri.
1001 3444 1013 3512 ll
1037 3434 1072 3491 994

173 3531 243 3568 ausa
256 3518 408 3570 Herculem
426 3523 470 3569 eal
489 3519 513 3568 A
533 3533 602 3568 ausa
619 3521 662 3567 est
679 3515 819 3566 herculem
837 3517 861 3567 R
880 3521 924 3567 est
941 3533 987 3570 om.
1004 3513 1027 3564 Ε
1044 3504 1054 3573 ΙΙ
