2326 3922
142 203 209 268 270
425 219 456 265 c.
475 217 609 265 anunm
626 216 784 266 annecte

144 377 196 419 sua
213 375 360 437 quemque
376 365 506 427 tantum,
522 375 571 418 me
586 359 720 418 omnium
736 355 836 418 clades
851 357 969 434 premit.

145 443 216 504 mibi
233 450 337 504 cuncta
354 451 495 522 pereunt,
512 444 644 523 quisquis
661 449 706 504 est
726 440 866 503 Hecubae
882 449 928 504 est
941 443 1039 505 miser.
1071 452 1079 498 1

145 546 287 607 expone
303 528 554 589 seriem'caedis
568 536 598 589 et
612 527 723 608 duplex
737 527 830 589 nelas.
1065 538 1074 584 1

110 615 146 674 α”
189 627 292 674 nvnc,
315 614 440 675 Mactata
454 614 541 690 uirgo
557 620 615 682 est,
631 614 740 675 missus
756 631 772 674 e
787 613 885 673 muris
899 630 988 692 puer,
1072 623 1079 669 1

144 698 195 759 sed
212 706 336 778 uterque
351 696 442 759 letum
458 706 559 759 mente
577 714 722 775 generosa
736 696 813 759 tulit.
1071 708 1080 754 1

143 797 248 844 subn.
273 799 518 861 persequere:
539 781 649 861 gaudet
664 799 789 858 magnus
803 799 965 845 aerumnas
980 781 1057 844 dolor
1072 793 1079 839 1

143 877 271 930 tractare
287 874 373 928 totas.
404 868 459 928 erle
475 873 505 927 et
520 883 629 928 enarra
643 868 751 928 omnia.

110 1065 127 1099 a
187 1050 292 1097 nvnu.
316 1037 367 1097 Est
383 1054 439 1096 una
456 1052 562 1113 magna
577 1037 696 1097 turris
712 1054 729 1096 e
743 1036 833 1097 Troia
848 1054 941 1115 super

144 1122 264 1183 adsueta
280 1121 399 1182 Priamo
416 1122 501 1182 cuius
516 1139 533 1181 e
549 1120 663 1198 lastigio

143 1208 326 1286 summisque
341 1207 439 1285 pinnis
454 1205 566 1266 arbiter
581 1204 650 1267 belli
665 1205 781 1267 sedens·
846 1207 848 1211 ’

141 1292 265 1370 regebat
280 1291 366 1351 acies.
398 1292 524 1351 turreio
540 1289 596 1352 bac
611 1289 722 1351 blando
737 1290 803 1350 sinu

142 1377 247 1437 inurens
263 1385 415 1454 nepotem,
432 1393 499 1436 cum
515 1381 597 1436 metu
611 1392 716 1437 uersos
731 1377 816 1455 graui

141 1460 258 1521 Danaos
272 1462 390 1537 lugeret
404 1460 515 1521 Hector
530 1467 559 1521 et
574 1461 655 1521 lerro
671 1468 700 1522 et
715 1461 792 1531 lace,

144 1553 265 1623 paterna
282 1563 376 1623 puero
393 1543 470 1605 bella
485 1545 671 1607 monstrabat
685 1562 785 1606 senex.

107 1635 133 1691 a'
186 1630 266 1690 Haec
281 1639 350 1691 nota
366 1629 514 1707 quondam
530 1632 650 1691 turris
666 1637 694 1690 et
709 1631 787 1689 muri
803 1628 894 1690 decus

142 1732 222 1774 nunc
237 1732 325 1775 sacua
342 1722 443 1775 cautes
458 1714 589 1792 undique
605 1715 707 1775 adlusa
724 1714 833 1774 ducum

140 1798 294 1877 plebisque
311 1799 396 1860 turba
412 1799 554 1877 cingitur,
571 1805 664 1860 totum
681 1798 739 1860 coit

140 1883 253 1943 ratibus
269 1882 379 1944 relictis
394 1883 510 1961 uulgus.
541 1883 587 1943 bis
602 1882 685 1948 collis
701 1881 805 1962 procul

140 1969 231 2028 aciem
248 1970 359 2047 patenti
374 1967 499 2028 liberam
516 1967 638 2045 praebet
654 1967 735 2035 loco,

139 2051 185 2112 bis
201 2052 259 2113 alta
276 2070 365 2132 rupes
380 2053 464 2113 curius
480 2075 495 2112 s
511 2055 542 2110 in
559 2052 712 2112 cacumine

140 2145 238 2197 erecta
254 2155 369 2197 summo
385 2137 471 2197 turba
488 2135 609 2201 librauit
624 2136 725 2215 pedes.

104 2233 122 2282 b
183 2221 269 2281 Hunc
284 2223 371 2300 pinus
386 2221 469 2281 illum
485 2219 586 2282 laurus
601 2221 681 2305 bunc
696 2221 781 2299 lagus
796 2223 874 2299 gerit

139 2316 168 2367 et
186 2315 245 2367 tota
262 2305 370 2384 populo
386 2306 459 2366 silua
476 2322 620 2385 suspenso
636 2307 744 2366 tremit.

140 2399 271 2452 extrema
288 2392 394 2451 montis
411 2389 458 2451 ille
474 2391 627 2470 praerupti
642 2391 729 2470 petit,

139 2482 268 2536 semusta
285 2474 377 2535 atille
393 2473 532 2536 teetauel
549 2487 651 2536 saxum
669 2467 815 2535 inminbns

112 2588 120 2599 ·
138 2562 215 2620 muri
231 2560 362 2620 cadentis
377 2561 485 2638 pressit
501 2566 588 2637 atque
604 2558 710 2637 aliquis
725 2595 767 2603 —
782 2558 867 2620 uelas
884 2594 921 2604 —

139 2643 250 2703 tumulo
267 2645 348 2704 serus
363 2653 514 2724 spectator
530 2644 672 2705 hectoreo
689 2643 781 2705 sedet.

137 2806 336 2817 u—---—.

205 2900 270 2948 1072
294 2898 402 2948 hecuba
421 2902 464 2948 est
481 2898 506 2946 E
529 2897 663 2947 Hecubae
683 2900 725 2947 est
743 2898 768 2946 A
792 2897 900 2947 becube
925 2894 983 2963 (om.
1003 2896 1049 2957 est)

135 2962 182 3030 rull
191 2972 252 3029 post
270 2983 292 3017 u.
309 2968 374 3016 1072
393 2968 536 3030 interposui
553 2983 577 3016 u.
593 2967 658 3016 1075
676 2972 782 3015 auctore
801 2965 854 3014 Gli.
874 2961 887 3030 ΙΙ
907 2967 974 3016 1076
990 2965 1050 3016 Per·

136 3047 250 3096 sequere
268 3034 294 3081 E
306 3035 369 3084 Ru
388 3031 449 3098 (uon
467 3036 640 3098 adstipulante
657 3033 680 3082 Τ
678 3033 794 3095 reuctbo)
813 3033 987 3097 Prosequere
1004 3033 1027 3083 A
1042 3029 1051 3094 ΙΙ

136 3115 251 3164 magnus
272 3117 314 3151 ae.
334 3101 411 3151 dolor
429 3101 454 3150 E
473 3102 578 3152 animus
598 3117 640 3151 ae.
659 3115 735 3150 incus
753 3101 778 3149 A
808 3096 820 3166 Η
850 3102 916 3152 1077
937 3115 1051 3153 ennam

137 3165 183 3234 Eli
204 3169 272 3218 1078
290 3184 346 3218 una
364 3169 415 3219 EA
434 3185 536 3234 magna
554 3184 655 3234 magna
673 3169 756 3219 turris
773 3167 799 3216 Ε
817 3183 879 3219 uoce
898 3183 956 3218 unu
972 3171 1051 3220 deletu

134 3251 236 3302 magna
255 3252 357 3302 magna
376 3237 474 3290 Ilieon.
506 3252 627 3286 summa
645 3238 764 3300 magna?
782 3239 840 3288 coll.
858 3233 1050 3304 0377111086

135 3305 234 3355 adfusa
247 3305 272 3353 E
291 3304 416 3369 affusam
435 3304 524 3355 effusa
537 3306 561 3355 A
574 3301 585 3370 ΙΙ
599 3305 664 3355 1089
682 3305 792 3369 patenti
810 3305 849 3354 eA
869 3307 988 3369 patente
1005 3311 1028 3367 ψ
1042 3299 1052 3367 Ι

135 3375 201 3424 1090
220 3389 234 3422 e
254 3372 398 3423 cacumine
417 3373 442 3421 A
473 3373 501 3421 in
520 3387 579 3422 cac.
599 3372 624 3420 E
654 3372 803 3436 elastigio
824 3371 966 3437 GLanpr'us
981 3371 1051 3438 prob.

136 3441 188 3492 GR.
205 3437 216 3506 ll
234 3443 297 3491 1091
318 3455 436 3490 summos
449 3441 474 3489 A
493 3455 595 3490 summo
608 3439 633 3488 Ε
650 3437 662 3505 Η
679 3441 743 3490 1099
762 3440 836 3504 gerit
852 3439 921 3489 linc
939 3438 1052 3506 tegitA

133 3509 205 3573 regit
223 3508 298 3558 IPal.
323 3504 335 3575 {l
359 3510 425 3559 1096
443 3509 546 3573 pressit
562 3507 612 3571 Εψ
642 3515 751 3573 pressat
769 3508 795 3558 A
818 3503 830 3573 ΙΙ
