2326 3922
146 191 188 256 36
430 205 460 251 n.
479 175 610 252 aunam
628 203 785 251 sunnone

106 358 133 415 b'
190 346 357 416 Quantus
378 343 487 403 incedit
502 341 629 421 populus
645 361 697 420 per
713 342 804 403 urbes

148 430 183 489 ad
199 431 270 489 noui
286 426 371 488 ludos
387 429 490 489 auidus
506 428 632 488 theatri:

147 512 270 594 quialis
287 511 382 573 eleum
399 514 460 574 ruit
474 512 509 573 ad
526 518 686 581 tonantem,

148 600 248 677 quinta
265 616 332 658 eum
348 615 465 658 suerum
481 598 636 658 reuocauit
651 603 755 658 aestas.

114 800 128 831 ο
190 767 350 838 Quanta,
372 785 439 826 eum
455 765 560 843 longae
576 766 654 825 redit
668 766 741 825 bora
758 766 838 826 noeti

148 870 283 913 erescere
300 858 329 912 et
344 868 464 910 somnos
480 851 602 928 cupiens
617 850 732 928 quietos

146 935 222 997 libra
237 935 389 1014 phoebeos
404 943 486 996 tenet
501 952 594 1013 aequa
610 948 726 1003 currus

148 1021 259 1082 turba
282 1027 426 1079 secretam
443 1019 584 1080 Cererem
600 1018 770 1098 frequentat

148 1114 177 1165 et
192 1106 240 1166 eiti
257 1106 342 1164 tectis
357 1112 521 1182 properant
536 1102 647 1163 relictis

149 1190 229 1249 attici
245 1197 362 1249 noctem
379 1186 534 1261 eelebrare
549 1196 679 1265 mystae:

788 1330 798 1352 b
854 1342 859 1352 .

114 1367 136 1423 e'
184 1358 299 1417 Tanta
322 1376 376 1435 per
392 1374 513 1433 eampos
528 1357 625 1431 agitur
640 1355 760 1416 silentes

147 1442 266 1502 turba.
299 1442 467 1520 parstarda
483 1440 615 1517 graditur
631 1442 758 1508 senecta,

153 1523 258 1610 [tristis
273 1535 301 1585 et
314 1530 409 1600 lonae
423 1530 535 1586 satiata
549 1521 627 1608 uita]

149 1629 218 1689 pars
235 1611 330 1669 adhue
347 1611 439 1669 eurrit
454 1609 585 1670 melioris
600 1611 675 1678 aeui,

151 1695 282 1770 uirgines
298 1694 429 1754 nondum
446 1693 581 1754 thalamis
597 1695 713 1770 iugatae
814 1737 821 1750 .

151 1785 181 1839 et
196 1780 290 1839 eomis
306 1778 436 1838 nondum
453 1780 556 1855 positis
572 1778 680 1856 ephebi

151 1864 252 1924 matris
269 1870 297 1923 et
313 1881 420 1924 nomen
437 1863 524 1922 modo
540 1863 644 1923 doetus
658 1863 764 1922 inians

66 2079 68 2083 <
109 2040 140 2097 ε’
196 2029 249 2092 His
265 2031 364 2091 datum
380 2031 463 2101 solis,
480 2033 577 2091 minus
593 2039 625 2091 ut
639 2033 776 2091 timerent

147 2118 216 2194 igne
232 2115 363 2193 praelato
378 2114 512 2175 releuare
528 2123 655 2176 noctem.
777 2117 779 2122 '

148 2202 238 2261 eeteri
253 2200 364 2260 uadunt
379 2219 433 2278 per
449 2217 540 2279 opaea
555 2202 663 2266 tristes,

148 2284 239 2366 qualis
256 2293 299 2346 est
315 2283 400 2344 nobis
415 2286 547 2352 animus,
561 2291 677 2365 ,remota

147 2369 213 2430 luce
230 2389 297 2430 eum
313 2376 442 2430 maestus
458 2369 514 2428 sibi
529 2370 655 2448 quisque
670 2367 761 2427 sensit

148 2455 287 2515 obrutum
310 2461 369 2514 tota
387 2461 474 2532 eaput
490 2472 554 2515 esse
568 2460 658 2514 terra.

113 2637 130 2684 u
191 2623 254 2682 Stat
270 2621 358 2680 chaos
374 2622 498 2682 densum
513 2621 714 2699 tenebraeque
729 2628 831 2699 turpes

148 2717 177 2767 et
195 2705 276 2765 eolor
293 2708 388 2765 noetis
404 2705 498 2765 maius
514 2725 548 2766 ae
564 2705 676 2766 silentis

68 2785 72 2795 ’
149 2793 240 2850 otium
257 2791 359 2850 mundi
375 2808 546 2869 uaeuaeque
562 2789 664 2850 nubes.

114 2975 128 3007 e
190 2944 263 3003 Sera
280 2961 334 3003 nos
350 2940 399 3002 illo
415 2936 526 3002 referat
540 2949 685 3003 senectus.

149 3045 236 3087 nemo
252 3027 287 3086 ad
305 3027 333 3086 id
349 3045 417 3087 sero
433 3029 516 3087 uenit
531 3026 609 3087 unde
625 3045 795 3105 numquam,

215 3195 265 3244 844
283 3196 426 3258 ruitEVo
447 3197 566 3258 curritur
585 3195 641 3244 coit
653 3197 677 3245 Α
699 3192 711 3262 Η
733 3196 920 3260 84610ngeA
938 3191 950 3262 ΙΙ
973 3196 1066 3245 noetis

147 3264 172 3313 Α
201 3258 213 3330 Η
242 3265 292 3314 848
316 3263 430 3314 thebeos
453 3264 478 3313 E
517 3259 530 3330 ΙΙ
562 3264 620 3314 850
643 3265 690 3313 siti
713 3261 747 3312 V¹
778 3264 841 3312 sciti
859 3264 922 3312 814
951 3263 1065 3324 seitew

147 3331 252 3381 Exeiti
270 3331 344 3383 NHo.
374 3328 386 3395 11
420 3332 469 3381 853
492 3332 616 3395 graditur
632 3330 753 3381 EVRII
781 3329 910 3395 gradistur
931 3331 990 3380 Rae
1008 3329 1067 3393 (tur

146 3416 177 3448 m.
196 3398 261 3457 see.)
281 3399 411 3465 gradiens
430 3401 454 3448 A
479 3397 490 3464 ΙΙ
513 3400 564 3449 854
582 3401 665 3449 deterri
686 3395 699 3464 [l
725 3400 775 3449 863
794 3400 883 3448 sensit
901 3398 977 3462 ΕφΑ
1001 3413 1064 3448 sen·

148 3468 222 3532 titus
252 3463 263 3532 ῘΙ
292 3469 343 3517 864
359 3467 484 3517 obtutum
507 3468 535 3515 V
558 3463 569 3529 1Ι
