2326 3922
158 201 221 266 248
440 216 471 262 u.
488 214 619 263 sumum
635 213 792 262 seroces

157 359 304 417 uiuamus.
336 357 392 415 heu
410 373 456 415 me
473 356 521 432 qui
537 353 619 415 loeus
633 354 709 415 fidus
724 372 791 414 meo

159 444 215 502 erit
231 441 330 500 timori
346 457 441 518 quoue
458 447 486 499 te
501 438 571 500 sede
585 437 738 499 ooeuiemi

125 534 142 583 (l
203 529 263 586 Arx
280 524 326 586 iile
344 524 456 602 pollens
473 523 577 601 opibus
592 530 622 582 et
637 525 729 584 muris
745 523 833 584 deum

160 619 265 689 gentes
281 628 334 689 per
350 626 452 669 omnes
468 609 545 668 ciere
563 616 592 668 et
606 608 733 668 inuidiae
750 609 851 686 grauis

157 713 235 755 nuuc
252 694 348 772 puluis
364 693 453 764 altus,
470 702 559 753 strete
576 699 644 753 suut
658 693 777 754 flemme
792 695 905 763 omnia,

158 789 354 858 superestque
372 786 452 839 ueste
469 797 504 838 ex
521 777 595 837 urbe
612 794 649 837 ne
665 785 775 837 tentum
793 777 911 855 quidem

157 882 215 942 quo
232 863 319 924 lateat
334 864 438 923 iniens.
470 880 572 940 quem
589 861 707 922 iocum
723 861 848 922 fraudi
864 861 976 940 legem?

124 974 138 1008 e
200 949 251 1008 Est
267 946 396 1008 tumulus
412 949 516 1024 ingens
532 947 665 1024 coniugis
681 947 742 1007 ceri
757 964 858 1016 secer,

162 1033 313 1094 uerendus
329 1033 407 1092 hosti
422 1029 500 1092 mole
516 1049 604 1108 quem
620 1033 754 1091 inmense
771 1049 880 1109 parens

160 1118 325 1196 opibusque
342 1119 456 1194 magnis
471 1116 579 1175 struxit
593 1116 623 1175 iu
640 1114 736 1176 luctus
751 1132 821 1176 suos

156 1221 209 1263 rex
227 1220 286 1261 uon
302 1219 424 1262 auarus:
449 1208 569 1279 optume
584 1200 703 1260 oredem
719 1202 805 1278 petri.
822 1235 865 1245 -

157 1288 249 1348 sudor
265 1304 318 1364 per
335 1294 416 1346 artus
430 1285 554 1362 frigidus
568 1292 646 1346 totos
661 1286 753 1345 cedit:

158 1391 246 1432 omen
262 1380 407 1431 tremesco
423 1372 529 1430 misere
546 1369 644 1430 feralis
660 1369 726 1429 ioci.

123 1465 136 1513 f
202 1470 276 1516 suu.
301 1456 379 1516 Haec
395 1473 480 1516 cause
498 1455 605 1515 multos
620 1473 678 1514 una
694 1454 730 1514 ab
747 1454 867 1514 interitu
883 1454 977 1514 arcuit

160 1541 240 1601 credi
257 1542 377 1616 perisse.

158 1627 256 1686 Andr.
419 1625 549 1701 uix⁴spei
565 1626 720 1702 quiequam
738 1631 782 1683 est
798 1640 904 1701 super:

160 1728 251 1788 graue
268 1709 383 1786 pontius
399 1707 478 1767 iilum
496 1726 601 1785 magua
618 1707 755 1768 nobilitas
770 1710 887 1784 premit.
1083 1712 1122 1762 ott

79 1865 81 1870 .
160 1807 234 1855 suu.
261 1812 296 1853 ue
312 1794 418 1871 prodet
433 1793 551 1870 aliquis,
569 1811 673 1853 amoue
689 1800 779 1852 testes
795 1791 862 1851 doli.

158 1892 265 1938 ANDR.
291 1879 321 1938 Si
336 1879 451 1957 quaerit
466 1878 576 1937 hostis?

160 1977 234 2023 suu.
602 1962 676 2022 urbe
692 1962 720 2020 in
739 1979 843 2022 euersa
859 1963 947 2038 perit.

120 2107 123 2111 .
159 2062 264 2108 ANDrt.
290 2047 358 2125 quiri
376 2046 508 2123 proderit
524 2045 644 2107 latuisse
659 2047 791 2107 redituro
808 2047 835 2104 in
853 2047 978 2106 meuusi

161 2147 235 2193 surr.
260 2134 355 2191 uictor
373 2133 487 2190 seroces
504 2133 629 2209 impetus
645 2133 756 2208 primos
772 2129 870 2190 hebet.

159 2231 266 2276 Aurio.
291 2216 358 2295 quid
376 2216 454 2292 quod
471 2214 562 2274 latere
578 2217 640 2276 siue
657 2221 737 2276 metu
753 2232 860 2293 magno
877 2215 999 2292 nequit?
1085 2218 1124 2270 505

161 2316 233 2362 surr.
259 2303 349 2361 miser
366 2309 491 2378 occupet
505 2300 666 2377 praesidia,
684 2296 808 2361 securus
823 2298 911 2377 legat.

127 2384 152 2442 d'
205 2400 310 2445 Auum.
336 2386 425 2456 Quis
442 2393 469 2443 te
486 2383 591 2445 iocus
606 2404 682 2463 quae
697 2385 780 2462 regio
796 2384 916 2444 seducta
933 2385 1012 2444 inuia

161 2479 222 2530 tuto
238 2469 379 2547 reponet?
403 2470 467 2545 quis
483 2470 560 2528 ieret
575 2469 696 2547 trepidis
712 2469 817 2547 opem?

160 2557 226 2631 quis
242 2553 393 2632 proteget?
416 2556 465 2632 qui
483 2572 601 2632 semper
618 2557 703 2614 etiem
720 2571 799 2613 nune
814 2560 881 2613 tuos

160 2639 269 2698 Heotor
285 2646 383 2705 tuere,
409 2640 542 2716 coniugis
557 2641 697 2699 furtum
715 2641 780 2716 piae

160 2741 245 2782 serua
263 2731 292 2782 et
307 2721 386 2782 fideli
402 2724 500 2783 uiuere
516 2725 664 2784 uicturum
682 2725 793 2801 excipe.

160 2877 330 2884 ——--·----....n
339 2878 363 2882 ..-

228 2961 278 3009 485
298 2959 342 3022 qui
362 2958 386 3006 E
405 2960 467 3021 quis
485 2961 510 3008 A
527 2955 539 3024 Η
559 2962 610 3009 488
628 2959 721 3023 grauis
740 2959 764 3007 E
783 2974 870 3024 capax
890 2960 915 3008 A
932 2956 944 3025 Η
964 2961 1017 3010 498
1035 2975 1072 3008 ar·

161 3027 220 3090 guit
238 3035 261 3090 ψ
279 3022 290 3090 Η
307 3029 357 3075 499
376 3027 464 3074 eredit
482 3027 506 3074 E
523 3024 534 3093 Η
551 3028 659 3076 ANDR.
680 3043 726 3076 om.
745 3027 795 3075 EA
816 3028 916 3076 addidit
934 3028 1074 3091 liapheIeu-

159 3097 225 3158 pius.
251 3093 271 3157 (‘
280 3095 442 3142 Florentium
461 3102 551 3143 totmu:
569 3096 610 3144 Ne
629 3096 728 3158 prodat
747 3095 862 3157 aliquis,
882 3109 979 3144 emoue
1000 3094 1075 3144 Seni

163 3161 257 3218 tribuit,
271 3164 297 3210 in
308 3162 441 3224 prioribus
454 3162 563 3212 Andro
572 3180 595 3210 m
604 3163 662 3211 eeh
672 3178 709 3211 ae
722 3162 842 3226 relinquit
861 3162 914 3210 Vix
927 3163 988 3226 spei
1002 3161 1074 3226 quid-

162 3244 243 3293 quam
264 3234 305 3278 est
324 3243 418 3293 super,
440 3230 518 3279 Seni
532 3233 651 3295 -assipnut
669 3230 761 3279 Graue
780 3229 906 3294 pondus.'
936 3230 1077 3280 Gronouiue

158 3314 250 3362 purum
268 3297 363 3360 reete.)
393 3293 404 3362 Η
432 3298 482 3347 500
500 3299 583 3347 AND.
603 3298 627 3346 Ε
645 3313 691 3347 om.
712 3298 736 3345 A
760 3293 772 3362 Η
794 3299 842 3347 501
863 3296 939 3347 SEN.
958 3297 1000 3346 Ne
1019 3312 1075 3362 pro·

162 3365 211 3414 dat
234 3365 334 3429 aliquis
356 3365 359 3426 Ι
379 3365 482 3414 Amoue
499 3371 587 3414 testes
605 3365 662 3414 ooli
683 3366 707 3414 E
737 3366 768 3414 Α.
790 3366 830 3413 Ne
849 3363 948 3429 prodat
966 3365 1076 3428 uliquis.

163 3432 207 3482 Se.
229 3448 325 3482 arnoue
344 3438 432 3565 tpstes
450 3433 515 3481 doli.
536 3434 560 3482 A
582 3430 593 3498 Η
613 3435 662 3483 506
680 3434 782 3483 Misero
802 3428 848 3498 αἱ]
869 3435 918 3483 510
937 3433 1039 3482 furtum
1056 3446 1080 3480 ω

162 3505 262 3548 sortem
282 3500 330 3550 Bo.
