2326 3922
437 218 587 267 OEDlPVS

51 360 153 419 satiata
172 356 257 418 tellus
271 356 365 418 halitu
381 359 459 418 sicco
474 366 576 428 nocet,

51 443 104 504 sed
119 461 173 504 rex
190 449 330 523 cruentus
344 443 440 520 pretia
455 444 507 522 qui
521 461 628 504 saeuae
643 446 725 506 necis

52 537 170 606 sceptra
187 533 216 587 et
231 527 372 588 nefandos
387 534 511 605 occupat
526 527 671 588 thalamos
687 532 788 607 patris.

18 611 43 683 g'
95 613 194 673 lnuisa
210 609 323 691 proles,
340 612 391 672 sed
406 621 504 672 tamen
521 615 606 690 peior
622 631 731 690 parens

52 715 140 775 qnam
157 705 277 775 gnatus,
299 704 385 758 utero
400 715 505 758 rursus
520 697 648 759 infausto
665 700 763 776 grauis

52 785 112 860 egit
128 784 179 860 qui
195 783 223 840 in
240 790 323 842 ortus
339 790 431 842 semet
448 790 478 842 et
489 784 579 857 matri
594 784 690 859 inpios

14 863 21 878 ⁸
54 866 130 927 letus
145 867 270 942 regessit
286 867 394 944 quique
410 867 459 927 uix
476 865 540 950 mop
556 874 600 928 est
616 867 701 934 ieris,

53 952 160 1012 iratres
176 949 231 1010 sibi
247 952 309 1027 ipse
325 953 439 1028 genuit,
455 950 621 1030 inplicitum
639 951 747 1012 malum

55 1037 206 1115 magisque
222 1042 386 1096 monstrum
402 1034 532 1114 Sphinge
548 1036 722 1114 perplexum
738 1054 800 1098 sua.

22 1125 39 1175 d
64 1164 68 1169 .
97 1120 140 1180 'l'e
155 1129 185 1179 te
201 1129 321 1180 cruenta
337 1128 455 1198 sceptra
472 1121 520 1198 qui
537 1120 638 1180 dextra
655 1123 743 1198 geris,

55 1216 82 1264 te
98 1211 183 1283 pater
198 1203 309 1265 inultus
324 1203 399 1265 urbe
415 1222 483 1264 cum
500 1211 558 1265 tota
576 1214 675 1282 petam

55 1297 83 1349 et
98 1307 216 1350 mecum
232 1289 359 1368 Erinnys
374 1288 525 1368 pronubas
541 1288 661 1350 thalami
678 1290 791 1350 trabam

55 1383 173 1435 tomum
190 1380 330 1434 sonantes
344 1373 482 1434 uerbera.
515 1375 657 1435 incestam
674 1374 803 1435 domum-

56 1468 167 1520 uertam
185 1465 215 1518 et
228 1466 350 1537 penates
366 1459 447 1536 inpio
464 1467 559 1519 marte
576 1458 718 1520 obteram.

24 1540 47 1597 d'
94 1542 225 1602 Proinde
242 1541 358 1622 pulsum
374 1543 481 1603 finibus
496 1559 597 1620 regem
615 1545 697 1605 ocius

55 1629 129 1705 agite
147 1626 274 1688 exulem.
303 1645 492 1707 quocumque
509 1628 623 1688 lunesto
640 1628 734 1704 gradu

55 1710 149 1771 solum
165 1710 327 1789 relinquet,
344 1730 416 1772 uere
431 1712 564 1773 florifero
580 1731 682 1774 nemus

56 1795 206 1875 reparabit
220 1795 344 1865 herbas,
361 1798 481 1875 spiritus
496 1815 588 1876 puros
604 1796 684 1857 dabit

57 1878 149 1940 uitalis
165 1898 237 1940 aura
254 1881 354 1942 ueniet
369 1888 398 1942 et
413 1879 497 1942 siluis
512 1881 613 1942 decor.

57 1963 157 2044 [letum
172 1967 295 2041 luesque
308 1983 388 2026 mors
402 1968 489 2027 labor
504 1967 588 2027 tubes
603 1969 689 2028 dolor

56 2054 214 2111 comitatus
229 2053 280 2111 illo
295 2053 405 2126 clipeus
419 2053 565 2113 excedent
577 2050 693 2131 simut]

28 2130 56 2188 d'
94 2134 132 2194 Et
147 2135 210 2213 ipse
225 2134 336 2213 rapidis
352 2134 503 2212 gressibus
518 2136 603 2196 sedes
622 2135 702 2197 uolet

57 2219 186 2296 effugere
202 2227 331 2289 nostras,
348 2220 399 2280 sed
415 2236 523 2296 graues
539 2220 663 2298 pedibus
680 2239 778 2281 moras

56 2303 159 2363 addam
176 2311 207 2362 et
220 2303 344 2364 tenebo:
367 2311 453 2380 repet
468 2305 599 2365 incertus
615 2307 680 2366 uiae

56 2385 159 2463 baculo
175 2387 261 2448 senili
276 2389 358 2450 triste
374 2396 593 2467 praetemptans
609 2391 674 2450 iter.

56 2473 158 2549 eripite
174 2479 287 2542 terras,
303 2473 434 2534 auferam
451 2473 564 2534 caelum
580 2483 673 2551 pater.
954 2537 958 2545 ,

28 2576 43 2625 g
96 2569 178 2618 om).
204 2557 241 2616 Et
256 2575 321 2627 ossa
338 2564 367 2618 et
382 2566 462 2618 artus
477 2556 592 2636 gelidus
606 2560 715 2619 inuasit
730 2567 856 2620 tremor:

55 2640 194 2720 quicquid
212 2642 349 2702 timebam
366 2641 479 2711 iacere,
496 2642 601 2708 fecisse
617 2660 734 2720 arguor.

118 2896 170 2945 647
194 2895 309 2958 praecia
326 2894 351 2943 Ε
372 2897 463 2960 pretia
482 2895 553 2960 Mop.
578 2899 703 2961 praemia
721 2898 789 2962 imp
812 2899 901 2964 prima
920 2898 944 2947 A
962 2896 971 2964 ll

54 2963 100 3012 618
118 2967 261 3028 sceptrum
280 2961 359 3014 Groa.
382 2959 394 3028 H
417 2964 464 3013 651
484 2964 605 3028 Egitqne
623 2964 672 3028 Εψ
691 2965 758 3030 Egit
777 2965 822 3028 qui
841 2968 865 3014 A
886 2962 898 3030 ll
922 2967 973 3017 652

54 3031 96 3079 uix
114 3029 168 3080 EA
187 3045 240 3080 nec
258 3038 282 3094 ψ
298 3026 310 3096 H
326 3033 375 3081 667
394 3033 499 3094 erynim
517 3032 670 3095 pronubam
688 3033 713 3080 E
735 3033 853 3083 Erinnes
871 3050 973 3098 pronu-

55 3097 101 3148 bas
121 3101 146 3147 A
176 3094 189 3164 ss
219 3099 269 3149 658
292 3098 401 3148 traham
419 3116 440 3148 ω
464 3103 594 3148 toruum
612 3101 708 3164 scripsi
734 3096 745 3166 ll
773 3101 907 3151 incestam
928 3105 971 3152 εΑ

54 3165 188 3215 incertam
206 3175 230 3230 ψ
248 3161 260 3231 ΙΙ
276 3166 324 3216 661
345 3180 516 3231 quocumque
535 3166 584 3230 Eur
604 3180 775 3232 quacumque
795 3170 818 3218 A
833 3167 844 3234 ll
860 3170 910 3218 662
928 3185 973 3218 re·

55 3231 161 3297 linquat
179 3234 205 3283 A
232 3234 370 3298 relinquet
389 3242 430 3298 εψ
455 3231 466 3300 ΙΙ
489 3236 582 3285 uirens
601 3252 621 3284 ω
649 3251 761 3285 nemus
780 3238 874 3299 scripsi
893 3237 972 3296 (fort.

55 3304 220 3366 transponitis
237 3301 411 3352 demistiebite:
430 3301 545 3365 spiritns
564 3318 591 3367 p.
611 3302 636 3351 d.
651 3303 682 3353 V.
703 3320 728 3354 a.
748 3319 814 3352 uero
834 3304 853 3353 f.
874 3317 972 3352 nemus

54 3366 209 3433 Reparabit
220 3368 247 3421 h.
259 3370 354 3419 ueniet
368 3373 395 3419 et
408 3385 429 3418 s.
443 3369 480 3432 d.)
498 3367 509 3436 ll
531 3372 580 3420 665
599 3371 647 3419 666
665 3373 755 3427 sustuli
773 3369 943 3432 exceduntop
963 3367 978 3433 b

55 3435 101 3486 669
125 3440 237 3501 repetet
259 3436 308 3500 Eur
338 3441 428 3502 reptet
449 3437 474 3486 A
504 3445 583 3504 repet
601 3439 678 3491 DHa.
709 3435 723 3510 ll
752 3439 985 3506 trineptem

56 3502 209 3567 Praeripite
220 3504 248 3552 A
253 3499 272 3568 ll
280 3505 331 3552 672
342 3503 424 3555 ΘΕΩ,
441 3514 485 3573 etp
496 3523 545 3562 orrz.
561 3511 586 3562 A
599 3507 612 3579 Η
625 3513 677 3566 673
693 3512 786 3564 ORD.
803 3513 826 3563 A
841 3527 892 3564 om.
908 3516 955 3575 esp
971 3504 998 3574 b

94 3599 217 3632 nume
235 3598 316 3636 ma.
741 3598 794 3666 14
