2326 3922
481 181 644 231 TROADES

59 333 78 382 d
145 323 209 384 Vidi
224 323 421 383 execrandum
438 322 536 399 regiae
553 322 651 382 caedis
668 321 748 381 irefas

98 406 268 488 ipsas[que]
285 408 322 467 ad
338 426 406 469 aras
423 405 535 487 [maius
549 409 713 467 admissum
727 409 824 467 scelus
1034 416 1068 466 45

97 495 211 554 Aeaeis
225 490 334 572 armis]
351 510 417 552 cum
433 490 517 551 ferox
533 509 640 552 scaeua
657 509 744 551 manu

98 595 188 638 coma
203 577 359 637 reflectens
373 577 487 654 regium
504 584 581 636 torta
597 582 686 652 caput

100 661 161 723 alto
177 661 336 722 nefandum
352 660 471 722 uulneri
487 660 599 720 ferrum
615 659 754 728 abdidit„

99 746 181 826 quod
198 747 314 824 penitus
329 752 427 806 actum
443 762 510 806 curn
526 744 687 821 recepisset
702 742 812 813 libera,

100 832 182 893 ensis
197 828 282 892 senili
296 831 392 891 siccos
407 848 423 891 e
439 827 540 907 iugulo
554 829 640 888 redit.
753 889 760 895 ,

60 915 88 973 d'
146 914 267 975 Placare
282 931 371 995 quem
386 931 445 974 non
461 913 586 992 potuita
603 912 693 974 caede
709 912 798 973 effera

99 998 234 1060 mortalis
249 1001 315 1060 aeui
330 999 481 1060 cardinem
498 1005 662 1059 extremum
678 1014 817 1076 premens

99 1085 263 1162 superique
278 1091 368 1144 testes
384 1081 504 1144 sceleris
521 1090 549 1143 et
564 1081 711 1159 quoddam
728 1099 845 1142 sacrum

98 1169 189 1244 regni
204 1164 342 1228 iacentis?
364 1166 413 1227 iiie
428 1175 472 1227 tot
485 1183 591 1245 regum
608 1184 715 1244 parens

99 1261 186 1313 caret
201 1251 358 1331 sepulchro
374 1251 509 1313 Priamus
525 1257 554 1312 et
568 1250 687 1311 flamma
703 1249 814 1326 indiget

99 1337 226 1397 ardente
240 1337 338 1396 Troia.
369 1353 427 1396 non
443 1345 543 1396 tamen
559 1335 674 1413 superis
689 1342 734 1394 sat
750 1343 809 1394 est:
877 1380 890 1407 .,

60 1422 98 1479 d''
147 1422 302 1481 Dominum
319 1439 389 1482 ecce
404 1420 514 1481 Priami
531 1420 655 1481 nurihus
671 1427 699 1480 et
708 1421 811 1494 gnatis
825 1417 927 1497 legens

98 1506 226 1566 sortitur
241 1523 325 1567 urna.
355 1504 465 1583 praeda
481 1523 569 1585 quem
587 1504 653 1565 uilis
667 1504 794 1582 sequar?

98 1591 153 1650 hic
167 1590 303 1651 Hectoris
318 1591 453 1665 coniugia
469 1588 634 1669 despondet
647 1588 717 1659 sibi,

98 1675 153 1734 hic
167 1682 248 1753 optat
261 1673 365 1735 Heleni
381 1676 536 1751 coniugem
553 1674 601 1734 hic
618 1675 776 1734 Antenoris

98 1777 160 1821 nec
175 1760 240 1819 dest
253 1766 321 1819 tuos
336 1758 499 1841 Cassandra
516 1760 566 1837 qui
583 1756 725 1818 thalamos
741 1764 835 1836 petat:

99 1861 170 1904 mea
186 1860 251 1904 sors
265 1845 400 1911 timetur,
417 1842 479 1903 sola
494 1861 559 1904 sum
576 1843 682 1903 [tanais
698 1851 802 1902 metus.

62 1954 79 1988 e
147 1927 287 1989 Lamenta
304 1928 438 1989 cessant?
460 1927 548 1988 turha
564 1927 698 2004 captiuae
713 1945 779 1986 mea

99 2013 189 2074 serite
204 2010 309 2090 palmis
323 2021 443 2090 pectora
460 2019 490 2072 et
505 2011 640 2090 planctus
656 2012 722 2072 date

100 2103 135 2157 et
149 2098 224 2157 iusta
240 2097 347 2157 Troiae
363 2096 459 2157 facite.
490 2095 660 2156 iamdudum
676 2104 761 2157 sonet

100 2181 199 2242 fatalis
213 2180 264 2240 lde
278 2180 383 2241 iudicis
397 2181 456 2241 diri
470 2181 584 2241 domus.

170 2452 205 2500 45
227 2453 261 2502 46
288 2451 371 2502 deieci
391 2464 445 2514 qne
474 2446 486 2516 ΙΙ
519 2450 609 2499 moins
633 2449 781 2499 admissum
806 2449 896 2499 scelus
919 2450 1021 2499 Aeaeis

101 2519 188 2569 armis
206 2521 290 2569 dolend
306 2518 406 2569 Aeaeis
423 2517 449 2567 Ε
478 2515 619 2567 Aeacidae
638 2519 662 2567 A
692 2517 837 2567 Aeacidis
855 2516 973 2582 Soaiiper
995 2523 1020 2566 et

105 2589 215 2637 Vereins
232 2587 335 2636 Aiacis
355 2582 448 2651 Gronl
467 2587 500 2635 46
518 2599 604 2634 scena
622 2584 647 2633 E
665 2599 752 2634 saeua
770 2585 795 2633 A
814 2584 897 2634 laeua
916 2585 1020 2634 Henne-

100 2656 197 2719 berper
214 2655 250 2718 rs.
263 2655 362 2704 Phaed.
382 2655 431 2702 708
461 2649 465 2717 Ι
487 2653 520 2700 48
539 2651 680 2717 addiditp
703 2648 715 2717 ΙΙ
738 2654 771 2702 50
790 2655 881 2702 siccus
900 2652 925 2701 Ε
937 2653 960 2701 R
971 2669 1019 2718 rap.

98 2725 208 2773 tinctus
225 2722 251 2771 A
270 2717 296 2838 ἒ
321 2724 354 2772 53
372 2719 508 2785 quoddam
526 2719 576 2783 Εψ
598 2719 694 2782 ,quodie
711 2720 773 2768 [310
802 2720 937 2783 quondam
960 2722 984 2769 A
1006 2721 1019 2783 Η

99 2784 258 2854 occuperis
300 2789 369 2852 ΕΕψ
387 2789 480 2853 superi
493 2787 516 2836 A
529 2782 541 2852 li
553 2788 585 2838 63
599 2791 744 2850 cessentur
756 2784 768 2853 Η
780 2789 813 2838 64
825 2788 863 2837 IN
875 2788 1019 2837 NOMINE

98 2860 167 2926 1351
179 2872 322 2924 INCIPIT
334 2870 559 2922 EXOERPTVM
573 2871 613 2919 DI
625 2871 838 2921 TRAGOEDIA
850 2871 1020 2922 TROADOS

97 2976 218 3027 ANNEI
236 2973 386 3040 SENIOE·
397 2973 546 3024 HEOVBA
559 2972 704 3023 CHORVS
722 2959 871 3025 TROADV
884 2974 962 3024 Haec
980 2973 1021 3025 fe·

98 3046 154 3095 rite
172 3051 223 3094 ete.
247 3042 308 3092 Tlnr.
331 3036 344 3107 ΙΙ
365 3042 399 3091 66
411 3041 478 3092 Idae
497 3041 538 3091 Αε
555 3040 603 3090 Ide
626 3041 724 3104 Tlnmp
743 3041 831 3092 Drinio
854 3043 959 3093 Vossius
981 3038 993 3105 11
