2326 3922
161 219 225 298 3'20
550 246 693 294 monum

206 387 271 447 Vbi
287 386 390 447 tondet
405 384 465 447 ales
481 385 565 446 auida
583 385 740 445 iocundum
756 387 840 447 iecur

164 480 193 532 ct
208 473 284 531 inter
300 471 394 531 undas
409 470 524 530 feruida
541 477 661 530 exustus
677 470 724 529 siti

163 574 254 633 aquas
270 555 390 632 fugaces
406 573 458 614 ore
475 555 600 632 decepto
617 555 729 632 appetit

163 658 274 718 poenas
290 639 412 700 daturus
431 638 568 700 caelitum
584 637 709 716 dapibus
724 640 850 716 graues?

206 724 264 785 Sed
280 723 329 784 ille
346 731 463 785 nostrae
479 741 548 802 pars
563 730 651 801 quota
667 729 713 782 est
728 721 833 800 culpae
848 725 961 785 senex?

163 817 335 886 reputemus
351 827 453 870 omnes
470 826 543 885 quos
559 805 597 866 ob
613 805 748 866 infandas
763 825 869 868 manus

164 895 314 971 quaesitor
329 910 402 953 urna
420 894 540 970 gnosius
555 899 655 951 uersat
670 908 753 951 reos:

164 979 280 1037 uincam
297 977 438 1055 Thyestes
454 974 617 1036 sceleribus
633 984 757 1036 cunctos
772 977 861 1046 meis,

164 1081 180 1122 a
197 1062 288 1122 fratre
303 1063 414 1121 uincar.
447 1059 547 1122 liberis
562 1059 669 1138 plenus
684 1059 780 1120 tribus

154 1147 193 1205 'in
211 1164 258 1204 me
274 1144 396 1224 sepultis
412 1146 526 1206 uiscera
543 1144 628 1205 exedi
642 1162 718 1204 mea.

207 1230 268 1290 Nec
283 1229 426 1290 hactenus
441 1230 558 1290 fortuna
575 1226 734 1289 maculauit
748 1236 880 1305 patrem,

165 1315 216 1375 sed
233 1315 327 1375 maius
343 1314 421 1374 aliud
437 1333 506 1375 ausa
523 1314 671 1373 conmisso
687 1310 798 1381 scelus

165 1407 272 1477 gnatae
288 1399 431 1460 nefandos
447 1407 551 1477 petere
566 1396 742 1458 concubitus
756 1396 848 1458 iubet.

165 1501 224 1542 non
240 1483 366 1561 pauidus
381 1484 464 1543 hausi
480 1483 571 1550 dicta,
593 1481 645 1542 sed
661 1483 727 1558 cepi
743 1481 834 1541 nolas.

206 1566 285 1643 Ergo
300 1578 333 1626 ut
347 1585 402 1645 per
418 1569 514 1627 omnis
528 1565 642 1640 liberos
655 1566 730 1625 irem
746 1583 873 1643 pareus,

164 1658 264 1709 coacta
281 1650 348 1709 latis
364 1660 451 1728 gnata
468 1652 526 1712 lert
540 1658 659 1711 uterum
675 1667 800 1728 grauem

163 1753 210 1793 me
226 1743 309 1812 patre
326 1735 456 1812 dignum.
486 1753 575 1796 uersa
591 1744 695 1795 natura
712 1741 756 1794 est
771 1742 863 1796 retro.

163 1836 219 1878 auo
235 1827 386 1894 parentem
403 1838 458 1897 pro
474 1818 558 1880 nefas
573 1820 651 1898 patri
667 1819 765 1880 uirum

164 1905 260 1978 gnatis
276 1912 398 1981 nepotes
413 1905 519 1964 miscui
535 1905 614 1964 nocti
630 1903 717 1964 diem.

208 1988 264 2047 Sed
281 2006 347 2048 sera
364 1989 482 2049 tandem
499 1989 620 2065 respicit
634 1988 728 2049 fossos
744 1985 828 2048 malis

163 2080 230 2147 post
245 2071 302 2132 lata
319 2072 436 2132 demum
452 2074 540 2132 sortis
555 2073 687 2132 incertae
702 2071 791 2133 fides:

164 2173 216 2215 rex
232 2154 280 2215 ille
296 2174 400 2233 regum
418 2157 522 2217 ductor
537 2159 741 2232 Agamemnon
757 2157 866 2218 ducum

164 2241 247 2299 cuius
264 2247 382 2301 seculae
398 2240 477 2301 mille
494 2239 634 2301 uexillum
650 2247 729 2301 rates

65 2354 73 2367 =
164 2323 246 2384 iliaca
263 2323 336 2385 uelis
352 2327 444 2385 maria
459 2333 600 2386 texerunt
615 2327 691 2404 spis,

163 2416 231 2485 post
247 2409 362 2468 decima
378 2409 491 2470 Phoebi
506 2409 598 2469 lustra
615 2409 731 2469 deuicto
747 2408 799 2469 llio

164 2491 247 2552 adest
262 2493 383 2553 daturus
400 2494 517 2571 coniugi
534 2493 666 2572 iugulum
682 2492 763 2554 suae.

206 2576 326 2636 lamiam
343 2578 456 2638 natabit
471 2581 614 2655 sanguine
629 2577 744 2639 alterno
761 2578 876 2640 domus.

163 2678 250 2720 enses
265 2679 399 2722 securem
415 2661 470 2722 tela
488 2663 614 2723 diuisum
630 2665 714 2740 graui

163 2746 223 2804 ictu
242 2743 380 2823 bipennis
397 2749 513 2823 regium
530 2747 617 2808 uideo
633 2753 731 2824 caput.

163 2830 232 2888 iam
249 2829 360 2890 scelera
376 2849 471 2908 prope
487 2840 553 2890 sunt
569 2833 637 2892 iam
652 2829 737 2891 dolus
754 2831 860 2892 caedes
877 2849 980 2894 cruor.

206 2914 352 2975 Parantnr
368 2915 482 2994 epulae.
513 2933 601 2975 causa
617 2913 721 2976 natalis
737 2915 779 2976 tui
868 2982 874 2999 ι

163 2996 300 3074 Aegistho
315 3002 406 3060 uenit.
438 3001 508 3078 quid
524 2999 620 3077 pudor
637 2999 736 3060 uultus
752 3008 870 3078 grauat,

162 3082 233 3158 quid
251 3081 353 3143 dextra
370 3083 459 3146 dubio
475 3085 588 3161 trepida
605 3083 726 3145 oonsilio
742 3083 835 3155 labat,

164 3268 368 3276 ————--

231 3389 263 3437 23
286 3392 485 3523 repetamusu
514 3383 526 3453 11
555 3390 588 3439 35
611 3387 670 3438 Auo
688 3392 858 3523 nepotemp
887 3389 921 3442 A.
962 3395 1086 3443 mentm

162 3452 291 3504 Elousa
351 3458 384 3506 38
406 3456 531 3506 incertae
550 3455 620 3505 unu
644 3457 771 3506 incestae
789 3458 814 3505 A
872 3457 908 3507 42
950 3458 1086 3511 'coimal'

157 3520 269 3590 denaus
289 3524 361 3579 bina
376 3520 419 3594 ull
430 3526 463 3577 45
482 3539 608 3576 securem
621 3523 642 3573 E
660 3538 771 3574 accures
783 3524 806 3573 Α
819 3519 877 3590 [lta
894 3527 1061 3579 tnuaNHs.
1077 3528 1082 3590 l
