2326 3922
103 210 168 272 444
190 213 192 216 ’
488 218 632 268 incurri

106 366 171 425 sinu
187 362 360 441 gerentem?
383 358 526 439 reliquias
540 359 641 436 magni
655 358 794 420 Herculis

106 451 296 526 cineremque
312 449 424 507 iactans
440 443 576 524 squalida
591 442 734 505 Alcmene
749 445 849 523 gemit.

388 711 567 759 Aperiunt.
590 710 739 760 HYLLVS.

149 871 264 931 Timete
280 869 381 948 superi
396 868 471 930 lata:
494 876 553 928 tam
570 885 683 946 paruus
699 869 774 928 cinis

108 954 275 1016 herculeus.
306 955 365 1014 huc
381 953 439 1014 huc
454 950 505 1013 ille
520 952 653 1013 decreuit
669 953 782 1029 gigans.

108 1059 124 1099 ο
141 1046 249 1118 quanta
265 1039 351 1099 Titan
368 1038 404 1098 ad
420 1036 493 1097 nihil
510 1034 603 1097 moles
618 1036 688 1097 abit.

107 1123 191 1184 anilis
207 1123 266 1183 heu
282 1141 330 1183 me
345 1123 452 1200 recipit
466 1120 589 1182 Alciden
605 1122 696 1181 sinus.

107 1209 154 1268 hic
170 1206 301 1268 tumulus
316 1205 358 1267 illi
374 1216 429 1268 est.
462 1224 532 1267 ecce
547 1206 597 1266 uix
612 1214 703 1266 totam
720 1205 866 1267 Hercules

108 1291 257 1371 conpleuit
272 1309 390 1352 urnam.
421 1309 509 1371 quam
526 1289 593 1351 leue
610 1297 654 1352 est
669 1291 787 1368 pondus
802 1291 873 1351 mihi

108 1379 154 1438 cui
171 1387 249 1437 tetus
264 1375 367 1436 aether
382 1376 500 1455 pondus
515 1374 649 1436 incubuit
662 1374 739 1436 leue.

108 1463 143 1522 ad
159 1470 268 1522 tartara
285 1461 354 1521 olim
370 1478 523 1539 regnaque
538 1479 556 1520 c
573 1467 641 1521 nate
656 1459 759 1521 ultima

107 1547 259 1607 rediturus
275 1545 353 1616 ibas,
371 1545 489 1624 quande
506 1544 542 1604 ab
560 1543 676 1605 inferna
693 1545 783 1624 Styge

108 1630 255 1691 remeabis
271 1631 400 1691 iterum?
424 1647 485 1689 nen
502 1637 534 1689 ut
549 1636 579 1689 et
594 1628 712 1690 solitum
729 1624 833 1691 trabas

108 1732 270 1792 rursusque
287 1714 421 1775 Theseus
437 1713 544 1775 debeat
559 1712 656 1774 lucem
672 1713 740 1784 tibi,

109 1799 159 1860 sed
176 1799 295 1878 quando
311 1799 409 1859 selus?
432 1798 562 1859 mundus
576 1799 721 1876 inpositus
735 1806 802 1859 tuas

110 1890 269 1962 conpescet
284 1882 407 1944 umbras
422 1892 511 1960 teque
526 1889 673 1944 tartareus
689 1886 771 1944 canis

110 1968 245 2029 inhibere
262 1968 388 2046 poterit?
411 1968 529 2047 quando
544 1969 691 2028 taenarias
707 1967 787 2029 iores

110 2052 259 2132 pulsabis?
282 2061 332 2112 aut
348 2070 421 2130 quas
436 2059 532 2112 mater
547 2053 583 2113 ad
599 2053 700 2113 lauces
715 2070 802 2129 agar,

111 2156 167 2214 qua
183 2154 265 2196 mors
281 2137 395 2198 aditur?
410 2173 452 2181 -
468 2137 553 2197 uadis
568 2137 604 2197 ad
621 2154 722 2197 manes
738 2139 795 2199 iter

111 2222 265 2282 habiturus
280 2239 382 2281 unum.
414 2222 484 2300 quid
502 2221 580 2282 diem
597 2231 702 2300 questu
719 2225 807 2283 tero?
1057 2276 1059 2281 .

110 2307 179 2386 quid
196 2307 304 2367 misera
321 2306 411 2366 duras
426 2306 506 2366 uita?
529 2305 598 2384 quid
614 2305 711 2366 lucem
727 2307 806 2366 hanc
822 2307 925 2369 tenes?
1025 2296 1059 2353 ¹¹⁸

110 2410 197 2471 quem
214 2409 321 2470 parere
336 2410 443 2453 rursus
459 2388 617 2451 Herculem
634 2408 753 2468 pessum
770 2392 857 2452 leui?

111 2578 311 2589 .-.-.-...-.-

179 2697 244 2753 1762
264 2695 446 2760 cineremque
464 2695 540 2745 ΕΜ]
558 2695 773 2761 carinamqueg
791 2695 993 2762 OrinemqucA
1009 2694 1019 2751 ll

109 2764 219 2811 iaciens
238 2764 289 2812 εΑ
314 2769 448 2813 tractans
466 2763 517 2813 Bc.
544 2769 672 2814 nectens
692 2764 770 2814 Gran.
793 2771 925 2829 gestans
945 2766 993 2816 uit
1008 2762 1019 2823 ΙΙ

109 2829 263 2893 squalidum
282 2847 303 2880 ω
326 2831 458 2895 squalida
478 2831 556 2882 Gran.
580 2827 592 2897 ll
616 2832 720 2897 gemuit
736 2832 763 2880 E
789 2829 802 2896 ΙΙ
831 2832 1021 2882 ALCMENA·

108 2898 254 2948 HYLLVS
273 2897 298 2946 Ε
316 2897 782 2948 ALOMENA·PH1LO0TETES
800 2901 828 2950 A
840 2897 853 2967 Η
866 2902 935 2952 1763
952 2897 1023 2952 nhc.

109 2967 193 3016 Eom.
208 2967 233 3016 A
250 2961 262 3031 ll
279 2966 345 3015 1764
363 2966 416 3015 hnc
435 2966 490 3016 huc
508 2967 534 3016 Ε
553 2971 596 3017 eet
614 2967 668 3016 huc
686 2967 712 3016 A
729 2961 741 3032 Η
758 2968 826 3018 1766
845 2968 882 3018 ad
923 2970 929 2982 ’
967 2965 1024 3017 nn

108 3035 136 3082 in
155 3034 225 3082 nihil
243 3034 268 3083 A
281 3031 291 3099 ll
305 3035 371 3083 1766
389 3035 490 3098 recipit
501 3035 527 3084 Ε
546 3037 657 3099 oepitq
676 3036 779 3099 coepit
797 3051 817 3085 α
829 3031 842 3101 ΙΙ
860 3038 930 3087 1767
979 3033 1026 3085 eE

108 3100 151 3148 illi
170 3098 318 3165 Aliteion
337 3101 362 3150 Ε
384 3106 472 3151 totam
491 3102 516 3151 A
533 3099 545 3167 ΙΙ
563 3104 629 3153 1768
647 3103 710 3153 leue
729 3107 773 3152 est
790 3104 817 3153 A
843 3120 894 3154 cm.
915 3109 959 3154 cat
974 3103 998 3154 Ε
1015 3105 1025 3163 ri

110 3169 217 3216 177111
231 3170 325 3233 11Εψ
342 3169 388 3218 uti
403 3184 421 3219 α
437 3166 448 3236 Η
465 3169 577 3219 solitum
589 3170 615 3220 Ε
628 3169 745 3235 spolium
758 3171 784 3220 A
801 3166 814 3236 ΙΙ
836 3172 1028 3222 1773311111·

109 3250 161 3299 que
175 3236 200 3284 Ε
209 3236 257 3299 Rp
274 3237 444 3301 Rursumque
458 3239 483 3287 A
495 3233 508 3304 ll
520 3239 586 3287 1774
597 3237 713 3288 mundus
725 3238 752 3288 Ε
759 3240 796 3302 9?
814 3239 892 3304 ignis
905 3242 932 3291 A
969 3238 1028 3290 1776

108 3305 251 3354 taenarias
269 3305 294 3353 Ε
312 3307 451 3355 trenarias
469 3307 493 3355 R
516 3307 677 3356 Taenareas
695 3306 721 3355 A
739 3311 889 3357 trenarcas
907 3315 933 3370 ψ
969 3307 1028 3358 1777

109 3378 157 3421 aut
175 3373 200 3422 Ε
219 3373 255 3421 ab
273 3373 298 3422 A
328 3369 339 3438 ΙΙ
369 3373 528 3436 quasique
548 3374 627 3428 Gran.
657 3369 670 3440 ll
698 3374 779 3424 faces
796 3374 823 3423 Ε
854 3375 957 3425 fauces
974 3376 999 3426 A
1016 3376 1027 3432 ΙΙ

109 3440 175 3489 1780
201 3440 272 3502 Quid
296 3455 368 3489 sera
392 3441 469 3490 NHs.
500 3438 511 3507 ΙΙ
541 3444 606 3493 1781
632 3441 665 3502 Q.
684 3457 786 3506 parare
804 3457 921 3507 possum
945 3445 972 3493 Ε
987 3443 1030 3506 (7)

109 3506 140 3569 Q.
159 3522 259 3572 parere
278 3523 371 3558 rursus
390 3510 415 3557 A
439 3506 453 3574 ll
