2326 3922
172 209 233 255 XVI
547 206 746 253 PRAEFATIO

171 369 246 424 hitur
268 384 333 422 sane
351 366 424 439 quod
440 363 565 420 lihrarins
587 367 639 421 iste
654 363 731 421 nullo
746 365 807 422 loeo
824 365 896 438 quod
913 373 1076 438 corruptum
1100 371 1129 424 in

173 453 322 525 archetypo
335 450 477 523 legebatur
494 451 518 505 id
534 445 624 522 ipsum
637 449 753 505 reddidit
766 449 812 505 sed
829 449 1013 522 aliquomodo
1032 468 1130 521 emen·

171 535 1129 608 daturnuelpotiusadernendataelectionisspeeiemre·

172 622 321 678 (lactum.
349 620 422 687 Quae
439 620 545 692 quidem
561 635 605 674 res
622 621 661 674 eis
673 619 847 692 potissimum
863 619 931 674 locis
947 621 1128 692 perspicitur.

173 707 218 762 ubi
246 708 272 761 in
297 704 412 760 Etrusco
436 704 506 759 libro
530 703 659 760 mendosa
686 706 822 776 scriptura
844 711 952 759 seruata
982 712 1033 759 est.
1080 706 1129 763 Sic

172 794 265 863 ligem.
284 789 343 847 282
361 789 406 844 uhi
423 789 450 843 in
466 789 494 842 E
508 788 610 860 legitur
632 789 677 844 ‘ct
692 785 884 844 eurotantum'
906 781 1039 845 uitiosum
1056 790 1128 848 illud

173 875 283 949 quidem
306 875 353 930 sed
375 889 442 929 uero
463 874 630 947 proximum,
660 872 804 945 legendum
829 874 899 928 enim
927 874 972 927 ‘et
992 872 1127 930 Eurotam

172 960 277 1022 tuum',
299 961 324 1013 A
347 957 534 1014 infelicissime
549 956 640 1013 locum
662 957 814 1013 uindicasse
831 957 882 1012 sihi
898 959 974 1013 uisus
996 967 1039 1014 est
1056 960 1127 1015 scri-

172 1044 261 1100 hendo
285 1040 332 1099 ‘et
353 1060 366 1098 a
392 1050 469 1096 tanto
492 1042 580 1098 niro'.
611 1041 676 1097 lled.
695 1042 753 1098 931
772 1042 812 1096 E:
837 1039 979 1098 ‘ultimum
1000 1060 1126 1116 agnosco

172 1128 261 1184 scelus
278 1117 374 1184 animo*
385 1127 535 1200 parandum
552 1127 611 1182 est’
629 1126 703 1199 quod
719 1144 771 1182 una
787 1126 894 1182 literula
907 1135 1009 1183 mutata
1025 1127 1059 1182 ad
1074 1127 1128 1185 ho·

172 1229 233 1268 nam
246 1214 408 1268 sententiam
424 1213 550 1268 reuocari
562 1227 644 1284 posse
656 1211 812 1266 Gronouius
826 1211 946 1266 ostendit
962 1210 1125 1282 patrimum,

172 1313 306 1371 agnosco,
324 1297 413 1353 scelus
429 1296 523 1352 anime
539 1294 649 1369 par.'),
672 1298 696 1350 A
712 1296 798 1353 multo
814 1303 842 1351 et
856 1295 1005 1351 uiolentius
1023 1305 1051 1352 et
1066 1297 1126 1353 lan·

172 1382 280 1454 gnidius
296 1378 438 1437 ‘ultimum
461 1398 583 1454 magno
606 1380 696 1436 scelus
718 1381 806 1436 animo
823 1398 848 1453 p.
866 1379 913 1452 e.')
949 1379 1003 1435 14
1026 1398 1127 1439 saxosa

170 1466 230 1523 loca
254 1467 388 1539 parnetho
405 1466 433 1519 E
454 1464 522 1537 (1.1.
540 1482 637 1522 saxoso
660 1464 720 1521 loca
734 1465 872 1536 Parnethi)
895 1481 955 1521 sara
977 1464 1039 1521 solo
1062 1483 1124 1522 aar·

171 1558 271 1623 paneto
287 1551 312 1606 A
342 1550 395 1605 ihd.
414 1548 578 1621 3011111111.
595 1567 618 1606 e.
635 1549 763 1622 Phlyeus)
780 1551 809 1604 E
827 1549 939 1623 philipis
957 1551 982 1606 A
1007 1550 1063 1606 Pir.
1082 1551 1124 1609 26

171 1634 247 1690 salua
268 1632 296 1705 (i.
319 1653 343 1690 1.
366 1632 469 1704 saeua)
491 1635 520 1688 E
547 1637 642 1689 totaA
668 1634 923 1691 1145Ε1111111ε
946 1635 1031 1691 ‘non
1052 1637 1128 1702 ista¹

171 1721 288 1792 primurn
305 1719 392 1775 uelle'
414 1718 579 1790 (correctum
600 1719 633 1775 ab
656 1719 685 1774 N.
711 1719 836 1774 Heinsio:
858 1719 974 1774 honesta
992 1736 1018 1792 p.
1036 1720 1073 1791 u.)
1098 1723 1124 1776 A

173 1806 331 1877 temptauit:
356 1803 518 1860 ‘obstare
540 1821 581 1876 pr.
604 1802 642 1859 u.'
674 1803 768 1860 1627
788 1804 814 1857 Ε
834 1803 936 1876 ‘regna
958 1806 1041 1860 tutari
1063 1822 1124 1860 ur·

170 1888 280 1944 hium'
298 1892 345 1944 i.e.
363 1890 441 1944 uiru
449 1906 488 1953 nr,
505 1890 529 1943 A
545 1906 560 1943 a
576 1889 701 1960 uestigiis
715 1905 796 1944 uerae
808 1888 960 1961 scripturae
971 1889 1122 1946 recedens:

171 1990 192 2028 r.
212 1981 228 2027 t.
246 1975 369 2046 patris.
400 1972 455 2028 011,
472 1971 511 2027 22
529 1991 549 2028 s.
567 1974 623 2029 ‘nel
640 1990 692 2046 qua
709 1972 762 2029 alta
778 1973 861 2028 maria
877 1975 979 2028 uertice
995 1975 1123 2031 inmenso

171 2059 271 2131 premit
286 2059 376 2112 minor
392 2059 492 2130 rupes'
510 2058 538 2111 E
559 2060 576 2112 1.
591 2074 614 2113 1,
631 2057 741 2113 minora
757 2065 787 2112 ut
802 2057 871 2112 uidit
886 2057 1008 2113 Bothius.
1040 2061 1065 2113 A
1083 2065 1124 2114 ta·

171 2158 232 2197 rnen
248 2144 350 2198 maiora
366 2159 448 2198 ausus
465 2142 572 2214 posuit:
596 2142 729 2214 lneque
744 2157 926 2215 praeceps.
1061 2202 1064 2210 ¹

234 2227 373 2282 Accedunt
397 2226 448 2282 alia
471 2235 590 2282 mutatae
612 2227 740 2282 lectionis
761 2225 881 2299 exempla
902 2227 940 2281 ita
962 2236 1122 2299 conparata,

160 2321 201 2377 *ut
217 2312 241 2366 A
258 2311 426 2368 recensionis
442 2319 552 2373 auctor.
577 2328 657 2384 quem
674 2311 752 2366 i'acile
772 2310 957 2383 intellegimus
981 2311 1122 2367 hominem

170 2396 257 2452 inisse
273 2414 324 2454 nec
338 2413 451 2468 magnae
467 2397 606 2453 doctrinae
621 2413 671 2452 nee
687 2396 819 2452 acutioris
835 2395 927 2468 ingeni
944 2411 999 2450 non
1016 2394 1122 2450 medio·

171 2481 225 2536 eris
248 2490 336 2536 tamen
359 2489 385 2535 et
405 2483 473 2536 nrirn
489 2497 539 2553 pro
563 2490 686 2554 tempore
708 2480 755 2536 illo
778 2479 903 2542 antiocia,
928 2481 1066 2534 incertum
1082 2481 1121 2536 sit

171 2573 262 2619 utrum
285 2565 447 2636 scripturam
469 2565 607 2638 archetypi
631 2566 780 2620 mutauerit
801 2579 831 2619 11
853 2581 918 2620 uera
940 2565 1120 2637 deprauaiam

171 2666 203 2704 an
225 2650 412 2721 incorruptam
427 2665 477 2721 pro
494 2657 624 2722 corrupta
640 2648 742 2704 hahens
761 2679 796 2688 -
816 2649 875 2704 siue
896 2648 999 2704 dicendi
1016 2663 1122 2721 genere

170 2733 197 2787 in
216 2733 364 2806 tragoediis
390 2734 538 2806 conspicuo
555 2750 650 2807 parurn
674 2733 813 2790 intellecto
830 2735 889 2789 siue
911 2733 985 2806 quod
1005 2740 1122 2789 senten·

171 2817 269 2873 tiarum
291 2819 412 2889 argutias
433 2835 488 2874 non
510 2827 653 2877 assecutus
675 2827 716 2873 est
736 2818 981 2874 —emendandam
1004 2833 1122 2874 censue·

170 2905 213 2958 rit.
245 2903 330 2975 Huius
352 2905 459 2974 generis
477 2920 538 2958 cum
560 2902 611 2959 alia
626 2903 711 2958 multa
727 2912 792 2959 sunt
812 2913 869 2959 tum
890 2904 986 2958 haece:
1011 2902 1060 2957 Th.
1078 2901 1120 2959 53

170 2985 244 3059 inple
260 2987 372 3042 Tantalo
391 2995 474 3043 totam
491 2987 600 3043 ‹lomum
615 2988 644 3041 Ε
666 2989 682 3042 1.
699 2988 835 3044 scelere
853 2986 1045 3042 tantaleam
1068 2985 1121 3040 do-

170 3074 283 3127 mumA
315 3071 367 3128 ihd.
386 3072 466 3129 1109
489 3072 705 3145 hauserisangit
726 3074 755 3127 Ε
782 3073 809 3128 h.
834 3072 967 3145 tangitA
996 3069 1119 3128 11187

170 3157 311 3230 animaque
332 3156 480 3213 Phaedram
507 3160 611 3230 pariter
635 3174 666 3211 ac
688 3157 791 3212 scelere
814 3174 909 3213 exuam
934 3156 963 3210 Ε
1004 3171 1028 3210 1.
1052 3171 1122 3211 rne-

170 3249 237 3296 met
258 3260 284 3314 p.
302 3261 324 3297 a.
341 3259 363 3296 s.
381 3259 403 3297 e.
420 3244 452 3297 A.
484 3243 539 3297 011.
557 3241 617 3298 233
639 3242 768 3315 quicquid
784 3242 848 3297 milri
864 3242 986 3297 donastis
1002 3239 1076 3295 oculi
1093 3240 1124 3296 Ε

169 3326 302 3398 negastis
331 3343 372 3382 oo.
393 3326 418 3380 A
447 3327 496 3398 hg.
520 3325 560 3382 84
584 3328 678 3382 nimias
695 3344 803 3400 semper
824 3328 951 3383 contituta
973 3325 1070 3380 domos
1092 3324 1123 3380 Ε

171 3411 320 3466 tumidas
342 3429 365 3466 s.
390 3427 412 3465 c.
435 3411 460 3466 d.
483 3413 508 3465 A
538 3411 591 3466 ihd.
609 3411 668 3467 317
687 3412 793 3467 thehais
809 3413 911 3485 hospes
926 3411 955 3466 E
985 3409 1121 3467 thebana

169 3512 286 3552 manus
308 3498 332 3552 A
363 3494 494 3553 11111435
517 3496 599 3552 ellare
619 3513 699 3554 casus
716 3498 777 3570 quis
795 3506 868 3554 rates
884 3495 977 3552 hausit
997 3510 1071 3551 meas
1093 3494 1123 3551 Ε
