2326 3922
442 209 640 258 acanunno
935 188 998 254 325

124 365 223 422 cunr.
249 350 394 427 Equidem
410 355 438 410 et
453 347 566 425 iugales
582 345 659 406 filiae
673 346 796 406 memini
811 344 891 405 laces

79 447 110 498 et
127 454 270 514 generum
285 433 438 494 Achillem.
470 433 615 510 praestitit
632 431 719 490 matri
734 428 833 490 iidem.
1018 437 1069 490 166
1097 471 1104 483 .

123 534 227 581 nvuu.
251 518 387 579 Redemit
401 516 449 577 illa
466 516 567 577 classis
583 517 711 575 inmotae
727 532 826 575 moras

81 613 111 666 et
126 607 217 665 maria
234 604 319 682 pigro
335 604 391 662 lira
407 601 552 678 languore
567 599 682 678 inpulit.

127 786 224 834 curn.
248 772 334 849 Piget
349 769 496 848 doletque.
526 768 671 847 Tyndaris
687 766 760 828 caeli
775 784 869 845 genus

81 855 204 917 lustrale
219 855 306 917 classi
321 856 440 915 doricae
456 854 559 932 peperi
575 861 672 928 caput.

80 940 211 1001 reuoluit
226 942 341 1000 animus
356 939 481 1016 uirginis
498 936 642 997 thalamos
658 953 741 996 rneae

81 1043 158 1104 quos
172 1024 220 1084 ille
235 1025 341 1102 dignos
357 1021 471 1101 pelopia
489 1021 558 1082 lecit
573 1022 678 1089 domo,

83 1128 152 1170 cum
168 1110 248 1169 stetit
263 1108 299 1169 ad
316 1125 382 1168 aras
399 1125 452 1166 ore
467 1106 601 1166 sacrifico
617 1111 711 1182 pater.

125 1191 218 1262 Quam
235 1191 390 1272 nuptiales.
422 1191 538 1250 horruit
554 1188 675 1250 Calchas
692 1207 762 1248 suae

81 1280 225 1356 responsa
240 1279 323 1337 uocis
339 1284 368 1336 et
383 1276 558 1336 recedentes
573 1275 664 1333 locos.

82 1381 100 1421 o
117 1360 230 1422 scelera
246 1378 365 1440 semper
381 1359 544 1422 sceleribus
560 1360 682 1440 uincens
698 1357 813 1419 dornus.

82 1462 191 1506 cruore
206 1452 318 1506 uentos·
327 1447 467 1513 emimus,
484 1442 596 1505 bellum
612 1460 695 1503 nece.

80 1543 186 1590 nuru.
204 1529 255 1592 sed
271 1528 338 1590 uela
353 1530 465 1608 pariter
480 1527 561 1588 mille
576 1527 712 1588 iecerunt
727 1533 816 1588 rates

125 1625 227 1674 cunr.
250 1613 314 1674 Non
331 1621 378 1674 est
391 1611 485 1674 soluta
501 1630 646 1692 prospero
662 1611 763 1673 clanis
779 1610 850 1672 deo:

83 1699 172 1759 eiecit
185 1696 267 1758 Aulis
282 1699 376 1776 inpias
391 1705 480 1775 portu
495 1706 584 1758 rates.

81 1783 125 1842 sic
140 1783 308 1860 auspicatus
323 1780 400 1842 bella
416 1799 476 1841 non
493 1780 599 1843 rnelius
615 1782 700 1858 gerit.

81 1863 204 1947 [amore
217 1874 330 1943 captae
343 1874 451 1942 eaptus
465 1872 594 1927 inmotus
604 1864 714 1946 prece]

80 1949 230 2011 zminthea
246 1951 339 2012 tenuit
353 1949 445 2028 spolia
462 1949 589 2028 phoebei
604 1951 683 2009 senis

83 2035 193 2095 ardore
209 2052 313 2096 sacrae
327 2035 452 2112 uirginis
467 2037 525 2094 iarn
541 2041 604 2095 turn
621 2034 732 2094 furens.

124 2119 190 2178 Non
207 2117 290 2178 illum
306 2117 434 2179 Achilles
449 2119 531 2180 flexit
546 2119 707 2179 indomitus
723 2120 825 2188 minis

80 2219 143 2262 non
158 2201 209 2263 ille
224 2203 306 2265 solus
322 2204 379 2264 lata
395 2205 445 2281 qui
461 2205 565 2264 mundi
581 2204 662 2264 uidet

80 2289 112 2346 in
128 2304 183 2348 nos
198 2287 292 2348 fidelis
308 2306 402 2366 augur
417 2289 448 2349 in
464 2297 564 2367 captas
578 2287 668 2357 leuia,

79 2388 143 2430 nou
158 2371 287 2450 populus
302 2389 391 2450 aeger
406 2379 435 2432 et
450 2371 619 2434 relucentes
633 2374 710 2450 rogi.

79 2457 162 2515 inter
178 2457 293 2518 ruentis
308 2458 449 2519 Graeciae
465 2463 594 2536 stragem
610 2456 743 2517 ultimam

73 2541 147 2608 ¹sine
163 2539 247 2600 hoste
262 2540 360 2601 uictus
375 2549 488 2602 marcet
503 2559 538 2602 ac
553 2542 660 2602 Veneri
677 2548 762 2602 uacat

79 2631 261 2704 reparatque
276 2642 394 2685 amores

73 2730 76 2735 ’
416 2709 499 2770 Neue
515 2709 650 2770 desertus
667 2709 743 2769 foret

80 2862 283 2870 ——-.-—..-..

149 3029 199 3080 169
221 3029 259 3078 Et
283 3026 392 3092 quidem
415 3028 464 3078 ER
491 3024 505 3094 ll
535 3030 581 3078 161
608 3029 790 3094 Clytemestrae
809 3032 872 3080 dant
890 3034 1001 3081 nonnulli

75 3096 145 3146 Para.
176 3092 189 3161 ΙΙ
219 3097 268 3146 162
285 3097 369 3161 lango
388 3096 413 3144 E
430 3095 546 3161 langore
565 3097 590 3145 A
620 3093 632 3161 Η
661 3098 710 3147 163
728 3097 811 3161 Piget
828 3097 956 3163 doletque
975 3098 1001 3147 Ε

74 3162 171 3214 Pudet
186 3163 320 3229 pigetque
338 3163 364 3212 A
376 3158 388 3229 ΙΙ
401 3164 451 3212 164
468 3165 565 3228 peperi
582 3165 608 3213 Ε
618 3180 636 3228 9
653 3167 762 3229 peperit
778 3166 803 3214 A
815 3161 828 3231 Η
845 3167 894 3216 167
912 3167 999 3226 sacri»

74 3229 131 3281 fico
150 3229 203 3280 EA
222 3231 325 3282 secrile
346 3226 489 3295 01111168
507 3231 597 3294 Quam
613 3231 639 3280 E
658 3232 746 3295 Quasi
764 3235 788 3281 A
801 3231 873 3298 11172
892 3233 999 3283 NVTR.

75 3297 241 3363 AomEqu
263 3295 277 3365 ΙΙ
299 3246 375 3349 bella
393 3297 419 3346 Ε
441 3297 507 3348 uela
524 3300 548 3348 A
572 3296 584 3365 ΙΙ
614 3301 662 3349 173
681 3298 784 3349 CLYT.
805 3299 964 3360 Αοηι.Εψ
985 3300 998 3361 Η
1100 3301 1103 3306 ’

75 3364 128 3418 tat
147 3365 205 3416 alio
223 3366 249 3416 Ε
271 3365 351 3416 Aulis
369 3367 395 3414 A
417 3362 430 3427 ll
455 3369 503 3417 176
518 3374 580 3431 poet
597 3385 621 3416 u.
642 3368 690 3417 177
709 3367 771 3416 1710
789 3368 873 3415 deleat
886 3372 1000 3429 propter

73 3449 118 3486 aaa.
139 3433 259 3486 178190
279 3429 359 3500 taaq
380 3435 429 3485 177
447 3435 523 3485 senis
541 3434 660 3498 ERmp.
674 3452 704 3485 m.
715 3451 759 3498 pr.
779 3432 857 3482 ducis
876 3433 900 3481 A
917 3428 929 3498 ll
951 3434 1000 3484 178

73 3500 254 3566 Δτᾶοτοωψ
276 3498 289 3568 ΙΙ
311 3505 420 3552 tantum
438 3510 461 3567 ψ
485 3498 497 3568 Η
519 3503 614 3552 ferens
632 3510 655 3567 ψ
675 3498 688 3568 ΙΙ
712 3503 760 3552 179
778 3500 928 3551 indomitis
948 3517 967 3551 α
986 3502 999 3564 ΙΙ
