2326 3922
529 181 652 229 MEDEA

132 333 238 403 gnatos
255 322 398 384 tulissem.
429 320 536 382 sterilis
553 322 582 380 in
598 337 708 398 poenas
725 319 776 379 lui.

132 409 218 470 lralri
233 410 369 487 patrique
384 407 462 485 quod
477 415 523 466 sal
538 413 597 475 est,
616 405 718 483 peperi
735 404 817 464 duos.

98 505 117 554 h
178 495 314 565 Quonam
330 493 383 552 isla
400 491 493 551 leodic
507 488 594 551 turha
608 490 752 550 furiarum
768 490 922 566 inpotens?

134 597 223 657 quem
239 577 355 657 quaerit
371 583 422 637 aut
437 593 495 653 quo
511 574 666 635 flammeos
681 575 756 635 iulus
772 573 873 650 parali

134 671 184 724 aul
200 663 248 722 cui
264 668 403 723 cruentas
419 676 524 737 agmen
540 659 690 719 infernum
706 659 785 719 faces

133 748 279 807 intentat?
302 747 406 822 ingens
421 746 526 822 anguis
541 761 664 804 excusso
681 750 766 803 sonat

134 839 231 893 torius
246 829 372 906 flagello.
404 846 491 906 quem
507 827 591 888 nabe
607 828 711 887 inlesla
728 828 801 906 petit

134 916 290 993 Megaera?
314 915 397 974 cuius
411 912 518 972 umbra
534 913 675 991 dispersis
690 914 772 973 uenit

134 1001 248 1060 incerta
264 996 423 1059 membris?
447 997 539 1057 irater
554 1005 607 1058 est.
640 1014 750 1072 poenas
766 1000 847 1077 petit.

106 1094 115 1141 i
177 1083 334 1153 Dabimus,
351 1081 403 1143 sed
419 1098 531 1142 omnes.
565 1082 620 1159 lige
637 1080 797 1142 luminibus
813 1082 901 1143 laces.

136 1165 223 1227 lania.
254 1185 373 1244 perure.
402 1173 507 1243 pectus
523 1184 561 1226 en
572 1166 661 1226 ‚iuriis
676 1173 765 1244 patet.
782 1202 824 1213 -

136 1251 290 1313 discedere
306 1270 322 1312 a
338 1269 386 1311 me
401 1251 494 1311 irater
508 1249 631 1310 ultrices
647 1249 717 1310 deas

136 1353 299 1412 manesque
315 1336 350 1395 ad
367 1337 440 1394 imos
454 1337 500 1394 ire
515 1352 635 1395 securas
650 1333 735 1394 iube:

136 1420 211 1479 mihi
226 1438 274 1480 me
290 1418 423 1497 relinque
440 1426 469 1478 et
483 1426 569 1480 utere
586 1420 640 1479 hac
656 1419 747 1479 lraler
763 1437 852 1481 manu

137 1522 213 1582 quae
227 1505 346 1564 strinxit
361 1520 472 1565 ensem.
504 1505 623 1564 uictima
640 1521 741 1564 manes
757 1510 823 1564 luos

137 1587 368 1666 placamusisla.
412 1579 422 1601 ¹

124 1673 131 1691 ’
415 1670 489 1741 Quid
505 1689 614 1750 repens
630 1672 728 1733 adieri
743 1674 851 1733 sonus?
893 1738 899 1753 ..

139 1762 282 1833 parantur
297 1773 377 1824 arma
394 1774 502 1834 meque
516 1757 547 1815 in
563 1757 685 1817 erilium
701 1763 813 1834 pelunt.

139 1839 254 1900 excelsa
271 1847 390 1902 nostrae
405 1847 483 1902 tecta
499 1841 697 1902 conscendam
713 1841 819 1901 domus

140 1924 231 1985 caede
246 1923 392 1986 inchoata.
423 1943 515 2004 perge
530 1931 562 1985 tu
578 1943 694 1986 mecum
711 1943 820 1985 comes.

139 2016 220 2069 cuum
238 2025 357 2085 quoque
372 2011 436 2087 ipsa
452 2027 562 2087 corpus
577 2009 646 2069 hinc
662 2027 777 2070 mecum
794 2010 928 2071 aueham.

138 2111 219 2153 nunc
234 2093 292 2152 hoc
307 2110 361 2169 age
376 2095 482 2154 anime.
515 2111 574 2153 noo
589 2097 620 2154 in
636 2093 753 2154 occulto
768 2093 820 2154 tihi
837 2102 881 2155 esl

139 2177 290 2254 perdenda
306 2178 414 2248 uirlus,
431 2176 563 2256 approba
579 2178 690 2256 populo
705 2195 835 2239 manum.

109 2272 125 2321 k
181 2259 457 2342 1AS.1Quicumque
473 2280 576 2339 regum
594 2261 727 2323 cladibus
742 2263 816 2323 lidus
833 2261 914 2324 doles
957 2258 958 2261 ’

140 2362 304 2416 concurre,
322 2354 354 2406 ul
368 2347 462 2425 ipsam
479 2345 600 2406 sceleris
615 2355 767 2408 auctorem
782 2347 896 2407 horridi

140 2431 307 2506 capiamus,
323 2431 382 2492 huc
398 2431 456 2492 huc
472 2431 557 2490 lorlis
572 2432 703 2492 ermileri
719 2432 826 2492 cohors

141 2514 274 2574 conferte
289 2513 354 2574 lela.
387 2517 492 2575 uertite
509 2533 545 2574 ex
560 2516 620 2575 imo
636 2517 766 2577 domum.

110 2600 126 2657 i'
182 2612 269 2658 nnn.
292 2600 353 2659 lam
369 2600 426 2658 iam
442 2600 543 2677 recepi
557 2611 675 2677 sceptra
691 2618 865 2677 germanum
882 2607 998 2678 patrem
1074 2595 1124 2645 990

140 2681 328 2761 spoliumque
343 2676 445 2744 Colchi
460 2684 583 2762 pecudis
599 2692 718 2746 auratae
733 2691 845 2746 tenent.

141 2767 257 2827 rediere
273 2784 374 2844 regna.
404 2776 488 2845 rapta
504 2769 656 2846 uirginitas
672 2771 756 2830 redit.

142 2850 287 2931 oplacida
305 2852 423 2912 landem
439 2855 570 2914 numina.
601 2873 618 2914 o
635 2855 741 2914 festum
758 2855 846 2914 diem.

207 3121 258 3170 967
278 3135 434 3185 squameos
453 3123 485 3172 ei.
506 3121 555 3174 Bo.
573 3119 585 3189 H
606 3123 690 3174 rictus
709 3126 741 3177 ci.
760 3124 810 3173 Hs.
829 3120 840 3189 [Ι
860 3125 910 3174 969
929 3124 977 3188 ign
995 3139 1058 3174 aan-

140 3188 202 3252 guis
220 3188 247 3238 Ε
269 3189 368 3252 ingena
387 3190 486 3255 anguis
504 3190 529 3238 A
553 3186 565 3256 ll
588 3192 638 3242 977
655 3191 812 3257 relinquere
830 3196 908 3242 utere
926 3192 951 3241 E
973 3188 985 3256 ΙΙ
1009 3194 1058 3242 979

141 3255 286 3320 placamus
298 3256 495 3322 Aeplucemus
509 3256 586 3308 Ortel.
599 3254 612 3324 Η
623 3261 672 3310 983
685 3260 744 3324 ipse
758 3260 783 3309 A
796 3258 895 3324 ipsah'
906 3255 918 3325 [Ι
931 3258 1019 3309 auehe
1033 3259 1057 3307 A

142 3324 259 3375 anahem
277 3320 326 3442 EA!
337 3326 388 3376 985
404 3340 455 3390 per
476 3324 548 3375 enda
564 3323 613 3392 llll
625 3329 674 3377 988
692 3342 786 3392 regom
806 3342 835 3376 es
854 3326 879 3374 A
899 3341 929 3376 ee
947 3325 1032 3377 emh*
1049 3323 1058 3390 ll

142 3391 237 3442 dolens
254 3391 281 3440 A
324 3392 385 3443 oles
402 3393 428 3442 Ε
456 3341 473 3458 ll)
502 3395 552 3444 988
571 3395 702 3458 armigeri
720 3396 745 3445 A
773 3394 896 3445 armiferi
914 3394 941 3442 Ε
968 3390 980 3458 ΙΙ
1009 3394 1059 3443 999

142 3461 227 3527 recipi
245 3460 271 3510 Ε
282 3457 294 3527 ΙΙ
306 3463 356 3513 998
374 3462 486 3512 nomina
503 3461 528 3509 Ε
550 3458 562 3526 ΙΙ
