2326 3922
475 185 626 233 OEDlPVS

185 330 312 389 frontem
328 327 419 386 ramis
433 335 536 387 texere
551 326 653 395 nouis,

185 413 396 489 dominumque
413 429 501 471 canes
518 428 606 488 egere
622 413 726 472 suurn?

227 581 374 658 Praeceps
388 579 478 640 siluas
493 590 669 658 montesque
684 581 760 659 fugit

184 667 260 726 citus
274 665 402 726 Actaeon
419 664 545 743 agilique
561 667 654 743 magis

184 750 259 828 pede
275 749 435 830 perscitus
451 768 484 810 ac
500 769 568 810 saxa
585 768 678 828 uagus

184 836 289 896 metuit
304 842 399 895 motas
414 834 549 912 zephyris
564 833 680 912 plumas

185 927 214 981 et
228 938 304 999 quae
319 921 418 996 posuit
432 921 507 980 retia
523 921 606 980 uitat.

228 1089 328 1149 Donec
342 1087 450 1166 placidi
465 1088 554 1148 fontis
568 1090 597 1148 in
615 1088 691 1148 unde

184 1191 324 1234 cornua
340 1173 414 1233 uidit
429 1172 586 1252 uultusque
602 1174 694 1238 ieros.

184 1258 234 1318 ubi
250 1259 398 1334 uirgineos
415 1259 529 1318 fenerat
544 1266 625 1317 artus
695 1304 698 1309 .

183 1343 403 1403 ninnium'saeui
419 1342 486 1402 dina
502 1341 650 1422 pudoris]

395 1608 555 1656 ouptrvs.
579 1607 715 1657 iocoso.

61 1790 79 1822 a
141 1765 234 1825 Coras
250 1763 379 1824 reuoluit
394 1765 510 1824 animus
526 1772 555 1825 et
570 1766 677 1844 repetit
693 1774 797 1826 rnetus.

97 1850 195 1910 obisse
211 1856 313 1909 nostro
328 1849 430 1910 Laium
447 1848 561 1910 sceiere
577 1858 729 1910 autumant

96 1935 198 2013 superi
213 1933 374 2014 inferique,
391 1933 442 1994 sed
459 1936 574 1994 animus
593 1941 696 1994 eontra
711 1936 856 1996 innocens

96 2019 212 2097 sibique
228 2017 337 2078 meiius
349 2035 438 2095 quarn
454 2018 516 2079 deis
531 2026 618 2079 notus
634 2028 731 2097 neget.
824 2038 830 2048 ·

60 2111 79 2160 b
140 2103 228 2164 neon
243 2105 385 2163 memoria
401 2111 490 2164 tenue
505 2122 559 2182 per
575 2106 732 2181 uestigium

97 2188 240 2248 cecidisse
255 2189 349 2246 nostri
358 2188 469 2266 ‚stipitis
485 2188 571 2266 puisu
588 2188 710 2250 obuium

97 2273 259 2350 datumque
276 2271 346 2340 Diti,
363 2291 430 2332 cum
446 2275 528 2350 prior
543 2275 681 2334 iuuenem
699 2292 790 2335 senex

96 2375 185 2418 cursu
201 2356 350 2435 superbus
365 2356 490 2435 pelleret
506 2357 616 2419 Thebis
633 2359 737 2436 procul

96 2443 229 2520 phocaea
246 2441 356 2502 trifidas
370 2443 453 2520 regio
469 2461 525 2521 qua
542 2443 649 2504 scindit
664 2445 736 2504 uias.

65 2523 88 2581 α’
140 2527 283 2586 Vnanirna
299 2528 428 2597 coniunx
445 2527 557 2605 explica
575 2545 693 2588 errores
709 2547 825 2605 precor.

95 2628 172 2688 quae
187 2611 279 2690 spatia
296 2612 425 2672 moriens
440 2611 529 2672 Laius
541 2613 620 2673 uitae
636 2612 725 2672 tulit?

95 2697 233 2774 primone
249 2697 279 2755 in
295 2713 369 2756 aeuo
385 2696 488 2757 uiridis
504 2714 539 2757 en
556 2698 649 2757 tracto
665 2698 789 2758 occidit?

96 2791 166 2841 roc.
188 2781 267 2841 inter
283 2797 384 2840 senem
399 2782 598 2862 iuuenemque
614 2783 665 2848 sed
681 2785 803 2862 propior
819 2785 891 2843 seni.

67 2862 89 2918 b'
139 2876 222 2924 our).
248 2864 439 2943 Frequensne
454 2865 539 2926 turba
556 2868 671 2944 regium
687 2869 778 2927 cinxit
793 2866 885 2928 latus?

96 3035 301 3044 ———.

164 3137 214 3187 778
236 3151 286 3201 per
303 3135 391 3186 siluas
409 3143 432 3199 ψ
448 3132 460 3202 Η
477 3153 510 3187 ao
527 3137 553 3186 E
576 3141 603 3186 et
593 3137 646 3186 tA
664 3133 675 3204 Η
693 3139 742 3189 779
760 3140 887 3202 zephyris
905 3141 944 3188 εΑ
969 3155 1014 3188 ze·

96 3203 182 3268 phyro
205 3205 313 3254 Vratisl.
331 3202 382 3254 Bo
407 3199 419 3270 ΙΙ
442 3205 490 3254 782
509 3205 588 3256 ferox
606 3205 655 3268 Εψ
685 3207 759 3256 feros
778 3207 802 3254 Α
826 3203 838 3273 Η
862 3207 911 3258 783
930 3207 969 3256 ibi
988 3207 1013 3254 E

96 3271 143 3320 ubi
162 3272 186 3321 Α
210 3267 223 3337 ΙΙ
247 3272 297 3322 790
314 3272 395 3336 pulsu
412 3271 511 3337 EnEap
531 3272 648 3336 impulsu
666 3274 691 3322 A
710 3289 800 3324 uersus
818 3290 863 3326 om
882 3282 905 3337 ψ
926 3269 941 3338 H
964 3275 1012 3323 791

96 3338 244 3402 datumque
264 3349 310 3404 εψ
328 3339 422 3390 dotum
442 3355 501 3391 esse
520 3341 545 3389 A
558 3336 570 3406 il
583 3343 632 3390 792
652 3356 732 3390 curru
745 3359 766 3391 ω
785 3357 876 3392 eursu
892 3341 988 3402 scripsi
1005 3339 1014 3407 Η

97 3406 249 3541 Thebasnao
278 3404 290 3473 ss
319 3408 535 3473 'sueinotto
564 3405 575 3475 Η
604 3410 654 3459 ret
673 3409 873 3475 explicerrores
892 3408 918 3456 E
937 3423 1010 3458 err-o

96 3475 195 3524 remA
