2326 3922
383 184 747 268 unucvnns[uvnsnst
983 183 1023 248 31

83 377 88 425 3
162 356 262 403 AMPH.
286 340 362 413 Quid
377 339 426 400 ille
442 358 554 419 opaca
571 341 621 420 qui
636 341 715 416 regit
728 345 846 417 sceptro
861 339 959 411 ioca,

105 443 176 503 qua
190 428 255 488 sede
271 429 384 505 positus
401 433 546 503 temperat
562 423 687 502 populos
702 424 802 485 leues?
896 431 899 436 '

89 517 102 591 ζ’
164 524 254 572 runs.
280 512 331 572 Est
347 513 375 570 in
391 527 511 570 recessu
527 509 644 570 Tartari
664 508 827 568 obscuro
848 509 971 580 locus,

121 611 202 672 quen
216 595 358 675 grauibus
374 594 489 655 umbris
503 596 596 671 spissa
610 588 708 671 'caiigo
724 593 841 671 adligat.

105 691 119 740 1
167 682 187 739 1
200 681 275 741 ionte
291 680 406 740 discors
421 688 521 738 manat
535 678 603 737 hinc
618 697 678 738 uno
693 676 785 738 latex:

134 759 192 824 alter
204 769 299 844 quicto
316 763 419 824 sirnilis
438 797 473 807 —
490 763 569 837 hunc
584 765 682 823 iurant
697 763 745 823 dei
762 797 797 806 -

137 853 227 910 urente
242 867 356 911 sacram
372 848 523 909 deuehens
538 846 629 907 fluuio
646 848 744 926 Styga.

141 937 161 987 at
171 931 208 992 hic
221 933 350 1014 tumultu
363 935 476 1011 rapitur
491 933 606 1008 ingenti
622 932 706 993 ierox

83 1058 85 1099 t
143 1021 162 1072 et
172 1034 225 1078 saxa
240 1019 332 1079 tinctu
347 1017 441 1078 uoluit
454 1017 590 1077 Acheron
607 1018 705 1076 inuios

83 1104 86 1175 ζ
142 1104 287 1181 renauigari.
540 1121 544 1129 ·

83 1182 85 1215 ἕ
118 1201 136 1258 h'
319 1186 451 1262 Cingitur
468 1184 577 1263 duplici
592 1184 669 1246 uado

145 1266 237 1330 aduersa
253 1272 326 1332 Ditis
340 1272 421 1347 regia
437 1278 525 1348 atque
541 1271 645 1346 iugens
661 1269 766 1330 domus

145 1352 268 1416 unhrantc
284 1355 351 1416 luco
367 1356 485 1432 tegitur.
524 1357 574 1415 hic
588 1362 676 1415 uasto
690 1371 782 1430 specu

83 1472 86 1531 p
141 1441 244 1508 rotat
258 1445 383 1518 tyranni
395 1442 508 1522 limina·
539 1439 597 1499 hoc
611 1438 724 1499 umbris
740 1441 806 1510 iter,

83 1540 85 1585 1
144 1516 196 1580 haec
208 1535 285 1602 porta
300 1526 395 1601 regni.
426 1541 548 1600 campus
563 1523 639 1583 hanc
655 1525 733 1584 circa
748 1525 825 1584 iacet

144 1603 164 1660 itt
175 1625 220 1684 quo
234 1608 364 1687 superbo
380 1609 487 1686 digerit
501 1607 584 1668 uultu
601 1606 708 1668 sedens

144 1690 382 1755 aninasreccntes
536 1688 546 1701 ⁸
723 1692 730 1707 ⁸

111 1765 138 1823 ¹1⁸
413 1777 481 1836 Dira
497 1778 634 1838 maiestas
650 1776 698 1836 dei
876 1847 878 1850 Α

144 1853 203 1920 irons
215 1869 296 1923 torua
315 1863 437 1922 fratrum
455 1878 529 1938 quae
545 1869 643 1921 tamen
660 1861 777 1939 specien
794 1869 879 1938 gerat

142 1945 267 2026 gentisque
283 1953 389 2007 tenue.
419 1944 518 2005 uultus
535 1954 579 2005 est
595 1945 635 2005 iiii
650 1947 728 2006 iouis

141 2026 177 2085 sed
190 2029 369 2091 fulminantis.
402 2046 507 2106 magna
525 2049 594 2108 pars
610 2032 694 2107 regni
710 2032 802 2092 trucis

140 2118 172 2168 est
182 2114 235 2191 ipse
250 2115 386 2176 dominus
401 2115 483 2175 cuius
499 2116 654 2193 adspectus
676 2118 760 2175 timet

138 2197 251 2277 quicquid
267 2202 396 2261 timetur.
414 2225 418 2235 =
821 2248 823 2251 ,

104 2297 122 2345 i⁰
167 2295 263 2342 turn.
467 2285 582 2345 Verane
599 2291 643 2344 est
658 2285 734 2344 sarna
750 2284 853 2344 inieris

137 2369 181 2425 tan
194 2385 254 2429 sera
270 2368 355 2428 reddi
369 2369 434 2428 iura
450 2376 480 2428 et
494 2368 601 2428 oblitos
616 2369 662 2429 sui

133 2450 235 2512 sceleris
250 2459 391 2514 nocentes
407 2452 520 2513 debitas
534 2470 646 2531 poenas
662 2453 750 2513 dare?

133 2536 186 2611 quis
198 2537 250 2597 iste
267 2539 331 2598 ueri
346 2545 447 2598 rector
462 2545 549 2615 atque
565 2540 651 2617 aequi
668 2537 798 2598 arbiter?

104 2626 120 2684 i'
160 2633 250 2683 Tuus
274 2621 339 2681 Non
355 2639 431 2683 unus
446 2621 503 2682 alta
519 2622 588 2682 sede
604 2624 753 2702 quaesitor
768 2621 875 2683 sedens
1045 2640 1095 2689 735

129 2701 223 2766 iudicia
238 2706 361 2784 trepidis
377 2724 443 2766 sera
459 2709 581 2766 sortitur
596 2709 664 2767 reis.

127 2788 212 2850 aditur
226 2789 277 2850 illo
293 2792 415 2868 gnosius
430 2791 526 2851 Minos
541 2792 616 2860 ioro,

124 2870 354 2935 Rhadamanthus
369 2874 434 2944 iilo,
452 2874 583 2936 Thetidis
598 2875 656 2935 hoc
671 2874 751 2936 audit
765 2892 860 2935 socer.

182 3044 230 3094 713
248 3057 362 3093 recessu
375 3042 414 3093 εΑ
433 3059 546 3094 secessu
561 3046 609 3108 Vua
630 3040 642 3110 il
664 3044 715 3094 715
733 3043 835 3094 dissors
847 3042 884 3092 Ε1
907 3040 918 3109 ΙΙ
941 3044 1027 3110 primo

122 3109 201 3160 Eimo
218 3112 278 3161 AV
295 3106 308 3177 ΙΙ
337 3112 386 3162 716
406 3111 509 3161 aterA
533 3108 545 3178 Η
568 3113 616 3161 721
636 3126 723 3176 regna
745 3112 770 3161 V
791 3107 805 3178 fl
833 3114 881 3161 722
899 3113 1028 3162 uibrante

125 3174 1029 3246 mmwwmwmmwmmum

124 3312 152 3359 V¹

123 3378 152 3428 V¹
213 3384 264 3433 ‘130
287 3381 507 3451 aspectusEVd
526 3382 705 3447 aspectumA
729 3378 741 3448 ΙΙ
765 3385 813 3433 731
833 3381 943 3447 quicqui
961 3380 986 3428 E

119 3449 164 3567 ’11ξὲ
180 3449 414 3585 l:zestppufertur
438 3450 517 3501 With.
543 3446 555 3517 Η
578 3452 626 3502 737
646 3450 738 3500 aditur
754 3449 780 3499 E
805 3449 917 3499 auditur
933 3447 982 3498 Va

364 3611 385 3643 ἱ

122 3259 228 3448 consus
244 3261 328 3311 cupre
344 3261 444 3296 uersum
462 3247 523 3298 add.
543 3247 575 3297 ab
593 3249 736 3311 interprete
757 3247 785 3296 V
807 3242 820 3314 ΙΙ
851 3245 935 3310 hanc)
955 3245 1029 3296 haud

222 3316 272 3365 726
295 3313 342 3364 dei
358 3314 383 3363 Ε
405 3314 457 3364 deo
475 3314 525 3380 Αψ
552 3311 564 3380 Η
597 3316 645 3364 717
665 3315 808 3380 specimen
825 3314 877 3363 ΕΑ
908 3315 1029 3377 speciem
