2326 3922
505 109 704 158 PRAEFATIO
990 117 1078 164 XXXI

124 284 203 324 mnm
232 283 300 324 uero
323 269 511 342 quaternionis
539 269 635 326 lolium
658 286 719 326 curn
741 271 866 329 uersibus
895 274 1072 333 oet-736

124 351 157 426 (i.
172 368 198 408 e.
214 351 257 410 40
272 351 363 424 lineis)
386 361 551 435 occupetur,
574 352 660 411 lineae
681 363 787 412 restant
808 356 883 420 280,
906 359 976 415 unde
997 368 1074 434 patet

124 438 144 494 7
168 452 270 494 uersus
290 437 403 494 ultimos
426 439 514 512 primo
542 438 607 496 lolio
627 441 743 514 proximi
766 441 887 499 fasciculi
912 444 1072 501 tribuendos

10 516 18 587 J
124 538 196 578 esse.
233 519 308 589 Quae
330 522 449 580 sirecte
470 531 535 579 sunt
556 533 716 598 conputata,
740 525 807 582 bled.
825 527 992 586 87-1028
1015 537 1071 585 tres

10 594 15 677 J
123 605 294 681 conplebant
314 607 520 681 quaterniones,
542 626 641 666 uersus
665 610 780 669 1—86
803 618 829 666 et
851 611 1070 670 1029-1035

122 698 204 747 erant
226 691 254 747 in
276 692 316 747 eis
332 693 380 767 qui
395 694 517 766 proxime
537 693 733 751 antecedebant
751 704 778 751 et
794 694 980 769 sequebantur
995 696 1074 752 lasci·
1117 706 1120 711 ’

122 775 203 832 culis.
796 806 797 810 ¹

186 893 286 968 Oedipi
301 894 442 969 relliquias
455 912 525 971 quae
541 896 766 970 conplectebatur
781 899 926 972 quaternio
944 900 1012 957 hanc
1025 901 1057 956 ha

120 977 182 1035 buit
198 977 335 1054 effigiem:

355 1083 414 1140 rot.
502 1083 529 1138 1.
549 1081 717 1140 321-358

499 1166 527 1222 2.
548 1164 715 1224 359-398

498 1251 526 1308 3.
546 1249 747 1309 399-438

471 1314 713 1544 &ooo-519

496 1505 524 1562 o.
546 1503 746 1562 ono-557

498 1590 524 1645 7.
545 1586 711 1646 558-597

498 1673 526 1730 8.
545 1671 712 1730 otte-637

182 1790 367 1846 'l'ota'autem
384 1792 525 1866 tragoedia
539 1792 688 1850 secundum
705 1792 821 1849 similem
840 1794 988 1868 quamodo
1009 1804 1072 1852 nte·

117 1872 216 1938 bamur
243 1875 412 1948 conputandi
437 1877 570 1934 rationem
592 1878 672 1933 hasce
699 1877 802 1934 codicis
829 1887 922 1952 partes
949 1881 1070 1936 tenuisse

117 1958 244 2016 uidetur:

274 2043 418 2117 inscriptio
447 2052 475 2101 et
502 2061 528 2100 u.
554 2044 646 2100 1-2
664 2046 690 2100 in
706 2045 759 2102 fine
775 2046 896 2104 lasciculi

485 2147 511 2186 u.
523 2128 648 2186 3-943
666 2138 723 2185 tres
740 2130 864 2188 lasciculi

456 2212 644 2271 344-1081
663 2216 714 2271 tria
727 2214 793 2271 lolia
806 2215 896 2288 quarti
906 2214 1030 2271 fasciculi
1042 2224 1071 2271 et

660 2298 786 2354 nonnulli
794 2315 893 2354 uersus
902 2298 1067 2372 quartilolil.

183 2396 312 2454 Videmus
338 2398 425 2473 igitur
449 2407 572 2456 neutram
598 2399 693 2456 harum
724 2399 926 2474 tragoediarum
953 2418 967 2457 a
990 2400 1069 2474 plene

123 2484 303 2555 quaternione
321 2483 456 2557 incipere,
478 2493 602 2540 neutram
624 2483 651 2539 in
667 2483 748 2558 plena
764 2483 836 2540 liniri
851 2500 941 2558 neque
962 2486 1000 2541 ita
1022 2502 1068 2542 eas

122 2574 283 2641 conparatas
298 2575 330 2624 ut
344 2567 430 2625 altera
445 2568 557 2625 alteram
573 2571 713 2642 excepisse
725 2571 817 2643 putari
829 2570 925 2643 possit.
957 2570 995 2626 Er
1011 2588 1066 2644 quo

123 2650 227 2708 rlnibil
243 2651 316 2709 aliud
331 2654 358 2709 id
374 2660 448 2710 certe
463 2652 588 2710 effecisse
603 2652 682 2709 nobis
704 2653 844 2717 uidemur,
869 2655 990 2728 plures
1013 2656 1066 2711 his

122 2734 253 2793 duabus
273 2736 412 2795 fabulas
432 2737 554 2795 codicem
577 2738 653 2794 illum
676 2739 853 2795 continuisse.

178 2820 204 2877 ls
219 2820 293 2877 liber
308 2838 471 2898 quamquem
492 2822 576 2879 alium
594 2822 795 2896 tragoediarum
811 2823 935 2879 ordinem
957 2822 1067 2878 uidetur

123 2913 228 2963 occutus
243 2900 279 2979 *l
306 2923 369 2964 esse
392 2924 472 2983 quam
494 2908 600 2965 codices
623 2908 767 2981 uolgares,
797 2915 886 2964 tamen
913 2909 1066 2981 scripturae

122 3136 279 3190 innumeris
296 3139 399 3189 nostris
417 3141 449 3190 lb
462 3138 548 3190 addat
560 3144 676 3205 oportet.
706 3139 749 3189 Ad
761 3140 790 3189 id
803 3139 873 3206 quod
884 3143 979 3189 nostra
999 3155 1063 3190 con-

124 3208 264 3269 pnlntione
277 3207 473 3271 consequimur
485 3222 518 3258 ea
530 3206 689 3257 differentia
702 3207 805 3257 nullius
819 3211 861 3258 ost
873 3210 1012 3257 momenti.

181 3272 207 3340 ⁸)
230 3274 332 3340 Neque
348 3274 493 3341 uolgarem
513 3290 603 3340 neque
621 3275 796 3326 florentinum
813 3275 970 3325 fabularum
992 3271 1063 3323 ordi·

122 3354 177 3393 mne
191 3343 301 3407 tenuit,
318 3342 350 3392 id
366 3342 439 3406 qnod
450 3358 505 3393 non
523 3342 637 3393 difficile
656 3347 731 3394 essct
749 3342 923 3409 conputendo
936 3340 1063 3407 probare.

121 3404 169 3461 flod
182 3411 300 3465 tertium
316 3410 455 3477 quendum
473 3415 516 3463 eet
528 3411 598 3477 quod
615 3412 786 3477 suspicemur
803 3410 976 3462 incoluisse
990 3405 1061 3457 ordi-
