2326 3922
325 195 329 205 ·
380 179 502 229 onorio
518 179 763 228 nntonnnnvn
969 166 1029 230 113

109 321 183 383 ittud
199 338 318 382 cruore.
345 338 451 398 magna
468 319 617 399 praesagit
631 319 707 380 mala

108 412 254 485 paternus
268 406 394 466 animus.
422 405 498 465 iacta
512 406 571 465 iam
587 410 655 464 sunt
670 405 782 465 semina

110 489 204 551 cladis
219 489 352 550 suturae:
368 490 520 568 spernitur
534 490 612 567 pacti
626 487 708 549 fides.

79 603 97 636 c
153 575 208 635 Hic
223 580 367 651 occupato
383 573 490 634 cedere
504 574 631 651 irnperio
646 581 742 651 negat,

109 661 158 720 ius
171 657 221 720 ille
237 667 266 720 et
280 660 331 720 icti
347 658 517 719 foederis
531 663 622 718 testes
638 657 709 716 deos

108 745 230 803 inuocat
245 752 274 804 et
287 744 382 820 Argos
398 741 466 804 exul
481 749 569 820 atque
584 741 675 804 nrbes
690 750 791 803 mouet

109 831 209 906 graias
223 830 254 888 in
270 845 362 888 arma.
388 843 449 887 non
464 825 538 886 lenis
554 827 640 886 sessis
655 827 738 887 uenit

109 913 197 972 ruina
213 905 335 973 Thebis:
350 910 409 972 tela
424 910 560 971 [lammae
578 910 701 972 uulnera

111 1000 221 1057 instant
236 1004 265 1056 et
279 997 344 1056 istis
358 997 382 1056 si
398 995 478 1073 qnod
494 1002 538 1055 est
553 997 648 1056 mains
663 994 790 1056 malurn:

103 1087 146 1152 ,ut
161 1097 225 1142 csse
241 1081 356 1158 genitos
372 1097 459 1140 nemo
475 1097 535 1139 non
552 1098 587 1140 ex
604 1097 651 1140 nie
666 1081 749 1140 sciat.

71 1163 96 1218 α’
155 1177 234 1225 ann.
258 1164 289 1225 Si
304 1163 382 1225 nulla
398 1165 514 1243 genitor
529 1182 617 1225 causa
633 1164 755 1224 uiuendi
770 1164 822 1225 tibi
838 1171 890 1233 est,

109 1249 184 1310 haec
200 1267 257 1309 nna
273 1247 390 1309 abunde
407 1258 460 1317 est,
478 1256 511 1309 nt
525 1256 609 1326 pater
624 1255 729 1325 gnatos
744 1266 831 1327 regas

109 1334 242 1410 grauiter
257 1332 397 1394 furentes.
424 1341 456 1394 tu
471 1334 544 1412 inpii
558 1331 627 1393 helii
642 1334 737 1394 minas

109 1426 248 1478 auertere
264 1435 340 1478 nnus
356 1427 446 1496 tuque
462 1417 623 1478 uaecordes
638 1426 723 1497 potes

108 1501 247 1564 inhibere
260 1503 395 1572 iuuenes,
411 1501 526 1563 ciuibus
541 1519 645 1581 pacem
662 1502 734 1562 dare

108 1589 224 1664 patriae
239 1587 368 1665 quietern
384 1585 534 1646 foederi
548 1584 628 1647 laeso
643 1585 741 1647 fidem.

110 1672 203 1731 uitam
218 1670 272 1731 tibi
286 1672 349 1748 ipse
364 1670 388 1732 si
404 1687 504 1748 negas,
521 1669 620 1730 multis
635 1687 735 1748 negas.

77 1777 96 1810 a
155 1767 272 1816 onore.
295 1753 356 1816 lllis
370 1754 540 1834 parentis
556 1753 632 1815 ullus
647 1761 698 1814 aut
713 1755 798 1832 aequi
814 1762 858 1816 est
873 1773 974 1816 arnor
1044 1774 1094 1824 295

107 1839 205 1900 auidis
219 1841 335 1901 cruoris
348 1841 455 1918 imperi
470 1856 624 1900 armorum
641 1837 701 1899 doli

107 1925 183 1984 diris
198 1924 329 1985 scelestis
343 1923 475 1985 breuiter
492 1932 522 1984 ut
538 1923 633 1984 dicam
651 1924 742 1983 moisi

107 2009 269 2068 certantia
285 2026 374 2069 omne
388 2009 503 2070 facinus
518 2017 547 2068 et
561 2009 647 2087 pensi
662 2007 734 2068 nihil

108 2092 223 2153 ducunt
236 2091 287 2154 ubi
303 2091 368 2152 illos
382 2094 425 2154 ira
441 2094 619 2171 praecipites
630 2094 694 2171 ¹agit

108 2177 252 2257 nefasque
266 2175 380 2239 nullum
395 2196 450 2256 per
465 2177 548 2238 nefas
563 2178 623 2238 nati
639 2184 752 2255 putant.
1043 2198 1094 2248 300

64 2255 93 2313 ε’
152 2260 217 2322 Non
231 2263 352 2340 patris
367 2260 433 2322 illos
448 2262 540 2339 tangit
555 2260 653 2322 afflicti
669 2261 806 2340 pudor,

108 2363 172 2404 non
187 2348 291 2425 patria,
308 2363 403 2424 regno
417 2353 521 2425 pectus
536 2346 691 2407 attonitum
706 2347 789 2408 idria.
978 2360 1001 2406 n.
1016 2361 1125 2425 >cxxxv

106 2431 172 2490 snio
187 2449 245 2510 quo
261 2432 405 2500 ferantur,
422 2437 530 2509 quanta
546 2429 643 2490 moliri
658 2438 765 2510 parent
825 2451 828 2459 ’

104 2514 237 2595 ideoque
251 2514 304 2576 leti
318 2531 429 2592 quaero
445 2522 590 2576 maturam
607 2515 684 2575 uiam

107 2600 246 2678 morique
259 2616 400 2679 propero,
417 2600 486 2661 dum
501 2600 531 2660 in
547 2599 635 2660 domo
651 2616 738 2660 nemo
755 2607 799 2660 est
813 2618 878 2663 mea
1044 2623 1094 2672 305

110 2685 267 2744 nocentior
281 2701 329 2745 me
332 2728 857 2746 ...........

155 2770 224 2828 Ant.
270 2815 277 2827 .
324 2815 330 2828 .
376 2815 383 2829 .

77 2867 94 2902 e
153 2851 258 2929 Oedip.
418 2853 526 2921 Gonia,
544 2851 613 2930 quid
629 2850 756 2930 genibus
770 2854 844 2915 meis

106 2934 163 2996 nes
177 2934 334 2998 aduoluta?
356 2937 426 3016 quid
441 2955 531 3016 prece
546 2936 721 2997 indomitum
738 2937 858 2998 domas?

175 3122 227 3173 989
244 3122 337 3189 Rogat
353 3122 379 3173 Ε
395 3121 479 3189 rogati
496 3123 522 3173 Α
544 3119 556 3188 ΙΙ
585 3123 635 3173 990
653 3121 777 3174 ferentes
794 3125 821 3173 E
843 3121 855 3192 fl
883 3127 933 3178 293
951 3126 1027 3178 lesos

16 3250 24 3265 θ
104 3187 133 3238 Ε
150 3188 229 3241 laeso
247 3190 273 3240 A
301 3185 315 3257 ΙΙ
341 3190 392 3242 295
410 3196 454 3241 eat
470 3206 550 3256 snpra
567 3191 610 3241 lin.
626 3189 652 3239 Ε
673 3187 685 3256 ΙΙ
714 3193 764 3242 aet
782 3193 850 3242 uiris
869 3194 982 3264 celestis
1000 3194 1026 3243 E

103 3255 176 3311 diris
198 3256 328 3309 scelestis
345 3259 370 3308 A
399 3254 412 3325 {l
440 3259 490 3309 999
509 3262 578 3324 aget
595 3258 619 3307 Α
644 3259 705 3323 ogit
722 3260 782 3325 Εψ
811 3257 823 3326 11
852 3263 903 3312 304
923 3264 1026 3311 maturi

103 3325 132 3375 A
151 3328 289 3377 maturam
307 3325 333 3376 Ε
354 3321 367 3393 ss
389 3327 440 3378 905
457 3326 580 3391 morique
593 3327 617 3375 Α
637 3341 689 3391 que
707 3344 755 3378 om.
769 3330 794 3379 E
816 3331 930 3379 lacunam
946 3330 1025 3393 siqni-

99 3394 184 3455 fimi
199 3394 274 3445 mnus
289 3408 389 3458 nerana,
408 3409 465 3444 nam
482 3392 770 3460 dicqnoqne(cf.139)
788 3398 934 3460 Antiqonae
946 3396 1026 3447 uerba

103 3461 270 3513 intercidisse
287 3462 364 3513 docet
381 3459 475 3527 Oedipi
489 3463 660 3528 interroyatio
674 3458 749 3527 (307)
773 3459 786 3529 U

160 3575 285 3613 mm}
305 3576 389 3614 nuo.
801 3545 821 3608 8
