2326 3922
158 208 219 272 140
436 225 468 270 n.
486 223 619 269 aaroni
635 221 792 270 snuncan

156 371 185 423 et
200 364 278 423 uicta
293 380 388 436 prono
404 363 512 441 puppis
528 362 662 422 aufertur
678 362 765 423 uado.

156 447 224 524 quid
241 449 315 506 ratio
332 447 444 524 possit?
467 448 538 506 uicit
553 465 587 507 ac
602 454 706 524 regnat
720 447 805 507 luror

155 540 319 610 potensque
336 540 393 591 tota
410 538 509 591 mente
525 531 692 590 dominatur
708 531 789 592 deus.

115 615 141 689 g'
197 616 252 676 Hic
267 615 390 675 uolucer
406 617 486 675 omni
500 614 592 692 pollet
608 616 635 676 in
652 623 730 674 tarra
747 619 886 694 inpotens

154 700 327 779 laesumque
342 700 468 760 llammis
483 709 578 760 torret
593 700 740 759 indomitis
755 699 867 760 Iouem.

155 785 302 845 Gradiuus
318 787 387 844 istas
403 784 528 862 belliger
544 786 636 844 sensit
651 784 747 853 laces,

154 870 251 946 opifex
268 868 379 928 trisulci
396 869 526 928 iulminis
540 870 632 929 sensit
647 869 719 929 deus

155 962 184 1014 et
200 955 249 1032 qui
265 953 400 1013 iurantes
415 971 533 1031 semper
549 955 678 1013 aetnaeis
692 955 770 1031 iugis

154 1046 253 1098 uersat
269 1039 400 1098 caminos
415 1038 483 1113 igue
500 1043 556 1098 tam
573 1055 668 1116 paruo
683 1037 767 1098 calet.

153 1124 309 1198 ipsumque
323 1121 478 1181 Phoebum
494 1121 550 1182 tela
568 1124 618 1200 qui
633 1139 728 1182 neruo
743 1125 833 1200 regit,

153 1207 215 1284 tigit
229 1206 331 1283 sagitta
350 1208 458 1266 certior
474 1208 563 1266 missa
579 1224 653 1285 puer

152 1290 313 1367 uolitatque
329 1290 409 1350 caelo
425 1292 536 1369 pariter
551 1301 581 1350 et
596 1293 684 1352 terris
698 1292 808 1367 grauis.

117 1383 135 1432 h
158 1384 160 1389 ’
196 1389 299 1434 nvrn.
325 1376 417 1436 Deum
433 1393 498 1436 csse
514 1393 646 1436 amorem
662 1378 756 1453 turpis
772 1386 801 1436 et
815 1377 886 1436 uitio
901 1377 1007 1439 furens
1089 1394 1137 1442 200

151 1459 165 1517 1
169 1457 265 1519 inxit
279 1458 399 1519 libido
416 1478 533 1538 quoque
548 1459 671 1520 liberior
688 1461 765 1520 loret

151 1542 267 1604 titulum
284 1544 378 1604 lurori
392 1546 557 1604 numinis
572 1545 584 1603 1
590 1543 660 1605 alsi
675 1545 795 1605 addidit.

150 1636 272 1704 gnatum
289 1646 343 1706 per
359 1630 454 1688 onmis
469 1628 585 1688 scilicet
601 1635 695 1689 terras
711 1647 819 1706 uagum

149 1713 274 1790 Erycina
291 1713 387 1772 mittit.
416 1712 466 1773 ille
482 1732 536 1791 per
551 1712 665 1773 caelum
682 1713 786 1775 uolans

149 1805 290 1874 proterua
307 1802 407 1857 tenera
422 1797 480 1858 tela
495 1797 616 1858 molitur
631 1816 720 1858 manu

150 1898 335 1961 regnumque
351 1889 464 1942 tantum
480 1884 618 1943 minimus
634 1903 650 1944 e
665 1884 782 1960 superis
796 1882 896 1945 babet.
968 1954 971 1959 ψ

113 1963 140 2021 h'
195 1966 290 2026 Vana
306 1967 359 2026 ista
377 1967 498 2028 demens
514 1969 629 2027 animus
643 1967 770 2027 adsciuit
784 1967 840 2027 sibi

149 2051 330 2128 Venerisque
347 2069 477 2112 numen
494 2052 607 2111 linxit
621 2058 708 2130 atque
724 2069 811 2112 arcus
826 2053 884 2112 dei.

149 2136 280 2214 quisquis
296 2136 434 2196 secundis
449 2135 540 2197 rebus
556 2135 666 2197 exultat
680 2138 767 2196 nimis

148 2218 270 2298 lluitque
285 2218 356 2279 luxu
371 2238 490 2299 semper
506 2219 621 2291 insolita
636 2223 755 2300 appetit.

149 2310 219 2364 tunc
235 2304 282 2363 illa
300 2320 423 2380 magnae
439 2305 501 2365 dira
519 2306 655 2366 fortunae
670 2323 770 2366 comes

148 2388 227 2447 subit
241 2389 375 2450 libido:
400 2407 459 2450 non
474 2390 593 2467 placent
608 2400 708 2450 suetae
726 2390 816 2469 dapes
921 2394 924 2401 '

150 2491 208 2532 non
225 2480 300 2533 tecta
316 2475 379 2533 sani
395 2477 486 2534 moris
502 2482 553 2535 aut
567 2474 634 2534 uilis
648 2481 742 2536 sinus.

97 2555 136 2613 h''
193 2556 252 2616 Cur
268 2559 298 2615 in
313 2568 435 2635 penates
451 2562 548 2619 rarius
563 2567 668 2620 tenues
684 2558 763 2619 subit

216 2826 264 2876 189
283 2827 355 2890 quod
374 2843 395 2875 r.
409 2828 501 2891 poscit
513 2829 537 2876 A
558 2828 623 2891 quid
635 2843 656 2877 r.
669 2828 755 2893 possit
773 2829 798 2877 E
815 2825 827 2895 ll
847 2831 937 2879 uincit
949 2832 974 2880 Α
994 2833 1067 2884 uicit

146 2893 172 2940 E
193 2891 204 2959 ΙΙ
229 2896 275 2943 191
296 2901 396 2958 regnat
413 2895 438 2943 Α
457 2895 544 2960 pollet
561 2897 588 2945 E
605 2902 630 2959 t„
644 2897 688 2946 Gr.
710 2893 722 2962 ll
742 2901 841 2961 potens
859 2915 880 2948 ω
899 2914 1012 2950 nocens
1031 2905 1066 2951 εἰ.

148 2961 225 3011 Gran.
246 2963 388 3025 impotens
407 2965 438 3012 ci.
454 2964 528 3012 NHo.
541 2959 554 3028 ll
568 2965 615 3013 192
633 2965 776 3028 ipsumque
791 2965 814 3013 A
833 2964 977 3030 lesumqne
989 2967 1044 3030 ltu
1056 2965 1066 3034 ΙΙ

148 3029 197 3076 194
219 3029 329 3078 trisulci
346 3046 415 3081 corr.
435 3047 465 3080 m.
485 3033 502 3079 2
520 3046 556 3080 aa:
575 3031 681 3081 trisulci
699 3032 725 3079 E
747 3028 759 3098 ll
782 3034 832 3083 200
855 3035 931 3098 turpi
948 3035 1065 3086 seruitio

146 3096 286 3157 fauensu
317 3098 435 3161 turpiter
457 3098 526 3148 uitio
549 3099 648 3148 fauens
675 3115 693 3148 α
723 3100 810 3165 turpis
834 3106 862 3150 et
880 3102 948 3151 uitio
967 3103 1065 3154 furens

146 3162 171 3210 E
194 3158 206 3227 ll
229 3163 279 3212 206
298 3167 442 3227 regnique
460 3170 492 3217 oi.
512 3167 544 3216 N.
564 3168 612 3216 Ha.
642 3169 670 3216 in
688 3183 803 3231 superos
821 3184 840 3217 ot
865 3168 894 3216 in
913 3172 1021 3234 superis
1039 3180 1064 3234 ψ

146 3230 286 3295 esuperis
305 3231 354 3281 ER
383 3229 394 3296 ΙΙ
424 3235 473 3284 210
492 3237 626 3297 appetens
646 3236 671 3284 Α
691 3236 798 3299 appetit
818 3235 865 3286 ER
887 3232 899 3302 ΙΙ
928 3239 977 3286 211
995 3241 1064 3287 tune

145 3298 222 3347 illum
240 3306 264 3361 ψ
283 3299 355 3347 hunc
374 3298 424 3349 illa
443 3317 461 3350 α
480 3306 545 3350 tunc
564 3302 613 3351 illa
631 3302 680 3365 Eu
692 3302 703 3368 Η
717 3305 766 3353 213
785 3302 850 3352 ullis
869 3304 951 3368 (ullus
970 3312 988 3354 t.
1003 3303 1064 3367 Gr.)

146 3367 224 3417 cibus
237 3367 262 3415 E
280 3367 344 3416 uilis
358 3368 471 3418 oibusA
492 3368 617 3419 humilis
636 3373 677 3420 uel
694 3370 759 3420 uilis
778 3375 867 3420 torus
884 3374 917 3421 ci.
932 3372 977 3424 Gr.
995 3373 1064 3424 uilis

145 3435 289 3498 scyphus
312 3437 343 3484 ci.
362 3435 413 3488 Bo.
432 3443 456 3485 et
475 3436 651 3486 Mitocberlirb
681 3438 763 3502 tyrii
787 3439 873 3488 sinus
896 3441 927 3489 ci.
952 3440 1064 3504 Withof.

144 3501 210 3550 uilis
230 3505 319 3551 sinus
337 3505 433 3566 scripsi
450 3520 503 3552 curu
520 3504 588 3553 Bau.
613 3501 623 3568 ll
