2326 3922
500 215 678 264 'tntusuus

133 358 237 435 iusque
253 372 343 416 omne
357 363 470 434 pereat.

87 458 102 490 e
506 438 571 498 Non
587 440 624 498 sit
639 457 655 498 a
672 440 780 498 uestris
795 439 879 501 malis

136 527 260 586 inmune
276 523 402 585 caelum.
433 541 501 585 eum
518 525 628 583 micant
641 527 714 585 solis
729 522 796 600 polo

135 617 315 686 senuautque
330 609 468 670 flammae
484 607 615 668 debitum
631 608 742 668 mundo
758 608 860 675 decus,

135 713 191 754 nox
207 694 267 755 alta
282 695 348 763 liat,
366 694 482 754 excidat
497 691 579 752 caelo
595 693 667 752 dies.

99 766 119 820 θ’
180 779 271 839 Misce
286 786 409 858 penates
431 778 498 838 odia
521 777 627 842 caedes
648 778 754 838 funera

136 881 256 924 arcesse
279 870 307 923 et
322 862 403 942 inple
418 860 545 925 Tantalo
560 868 652 921 totam
668 861 798 922 domum.

135 957 262 1009 ornetur
276 947 368 1008 altum
384 944 522 1009 columen
538 955 567 1007 et
581 945 665 1006 lauro
682 945 763 1007 iores

136 1031 230 1093 laetae
244 1034 411 1101 nitescant,
427 1032 534 1109 dignus
549 1031 678 1092 aduentu
694 1037 746 1091 tuo

136 1116 325 1194 splendescat
340 1117 428 1194 ignis.

105 1217 122 1265 a
463 1200 623 1261 Thracium
639 1200 690 1260 fiat
705 1200 787 1260 netas

137 1288 249 1346 maiore
265 1300 399 1345 numero.
428 1284 541 1346 liberos
556 1283 644 1345 dellet
659 1302 729 1345 suos

138 1371 271 1430 nondum
287 1369 440 1450 Thyestes.
470 1369 574 1430 dextra
589 1387 642 1430 cur
658 1372 755 1447 patrui
771 1368 874 1430 uacat‘l

137 1454 294 1534 ecquando
310 1453 413 1515 tolletl
435 1454 553 1532 ignibus
569 1456 626 1514 iam
643 1453 767 1514 subditis

137 1548 276 1617 spument
293 1557 380 1608 aena,
397 1538 531 1600 membra
548 1556 602 1616 pet
617 1546 716 1616 partes
732 1546 800 1600 eant

137 1624 302 1702 discerpta,
320 1630 442 1700 patruos
455 1622 568 1702 polluat
583 1623 701 1701 sanguis
716 1625 808 1685 locos

95 1714 122 1772 «ι’
177 1708 291 1786 Epulae
306 1710 499 1769 instruantur.
532 1727 592 1769 non
608 1710 680 1768 noui
696 1708 818 1769 sceleris
833 1706 886 1768 tibi

137 1795 267 1853 conuiua
283 1794 394 1854 uenies.
428 1792 556 1854 liberum
573 1792 708 1854 dedimus
724 1793 803 1854 diem

135 1885 279 1957 tuamque
295 1878 331 1938 ad
346 1879 416 1951 istqs
430 1876 575 1939 soluimus
590 1895 708 1940 mensas
723 1877 847 1938 famem:

136 1962 246 2022 ieiunia
263 1960 357 2041 exple,
374 1963 483 2023 mixtus
498 1964 529 2022 in
545 1962 692 2023 bacchum
709 1980 798 2023 enitor

135 2054 293 2125 spectante
308 2055 340 2108 te
355 2054 485 2126 potetur.
518 2049 619 2108 inueni
634 2048 726 2126 dapes

138 2149 212 2210 quas
227 2133 291 2209 ipse
308 2131 435 2209 lugeres.
464 2132 545 2192 siste.
577 2150 636 2209 quo
651 2149 796 2212 praeceps
812 2131 891 2192 ruisi

102 2248 119 2283 e
182 2229 286 2277 nunu.
312 2216 356 2277 Ad
371 2224 474 2293 stagna
490 2224 520 2278 et
534 2220 630 2278 amnis
646 2220 689 2278 ad
704 2217 879 2278 recedentes
895 2235 986 2296 aquas

138 2299 291 2378 labrisque
307 2299 343 2360 ab
359 2302 430 2380 ipsis
445 2299 561 2362 arboris
576 2301 682 2379 plenae
698 2301 791 2379 fugas.

139 2383 223 2446 abire
238 2387 269 2444 in
285 2393 382 2446 atrum
398 2387 526 2447 canceris
542 2384 629 2447 liceat
644 2386 702 2447 mei

139 2468 250 2538 cubile,
268 2469 363 2539 liceat,
380 2471 404 2530 si
420 2488 526 2547 panum
542 2471 647 2532 uideor
663 2471 762 2539 miser,

209 2740 243 2789 48
265 2755 282 2789 a
294 2740 433 2790 uestrisA
453 2755 470 2790 e
481 2756 531 2792 om.
543 2741 569 2790 E
592 2737 605 2807 ΙΙ
627 2743 661 2791 49
682 2756 744 2790 eum
756 2744 862 2792 micent
878 2741 978 2792 stellae
998 2741 1060 2806 polo

139 2809 198 2868 (50)
211 2807 374 2872 flammeque
392 2813 507 2858 seruant
524 2826 546 2860 ω
576 2823 637 2859 cum
656 2823 691 2861 m.
715 2808 800 2860 solis
818 2809 882 2875 polo
900 2817 1061 2860 seruant-

138 2889 203 2939 que
222 2874 385 2926 flammae
403 2877 520 2929 eddron.
541 2872 552 2942 ll
587 2877 618 2927 51
639 2884 701 2927 atra
719 2879 743 2927 Α
764 2877 821 2927 alia
839 2877 864 2926 E
878 2874 907 2941 (t.
918 2877 981 2942 He.)
1001 2879 1062 2929 alta

138 2958 204 2992 unua
223 2958 260 2993 ex
280 2945 347 2998 Poll.
382 2939 394 3009 ΙΙ
428 2945 461 2995 53
488 2944 573 3009 imple
598 2944 705 2994 scelera
727 2946 882 2995 tantaleam
908 2945 1016 2996 domum
1035 2947 1060 2996 A

139 3009 224 3075 imple
244 3010 353 3062 tantalo
371 3015 459 3062 totam
477 3011 585 3062 domum
602 3012 628 3061 Ε
652 3009 664 3078 ss
686 3013 718 3063 56
737 3012 895 3077 slendescqt
913 3014 937 3061 E
960 3010 972 3080 ss
996 3017 1062 3065 et-

138 3080 173 3128 59
191 3079 297 3129 maiore
315 3094 438 3130 numero.
456 3079 555 3130 dextra
574 3095 622 3130 eur
640 3081 733 3145 patrui
751 3083 854 3131 uacat?
873 3081 991 3130 nondum
1009 3083 1060 3134 Th.

138 3145 245 3196 liberos
268 3145 353 3197 deflet
376 3162 448 3198 suos.
486 3152 514 3198 et
533 3147 642 3212 quando
661 3148 743 3198 tollet
765 3165 787 3198 ω
817 3149 971 3212 (ecquando
991 3155 1011 3200 t.
1032 3151 1061 3212 α)

140 3230 176 3268 ιιι.
200 3229 324 3266 numero.
354 3215 486 3266 liberos
514 3216 627 3266 deflet
655 3231 733 3266 suos
760 3216 879 3266 nondum
906 3218 1061 3280 Thyestes?

140 3281 264 3332 dextra
283 3297 342 3333 eur
366 3286 485 3348 patrui
503 3285 624 3335 uacat?
648 3283 790 3348 ecquando
808 3284 906 3335 tollet?
923 3288 1019 3349 scripsi

139 3351 173 3400 60
192 3353 340 3414 spumante
357 3353 470 3403 uenoA
501 3355 702 3418 spumentuene
719 3353 746 3402 E
774 3349 786 3419 ll
820 3356 853 3403 67
871 3367 969 3417 preces
986 3351 1011 3400 Ε

139 3419 175 3469 58
193 3422 223 3467 et
240 3433 338 3470 menes
357 3420 422 3470 etE
445 3424 475 3470 et
492 3435 587 3471 amnes
605 3424 633 3471 et
648 3422 670 3470 Α
695 3429 723 3471 et
742 3422 841 3471 amnis
861 3420 901 3469 ad
922 3421 1018 3484 scripsi

87 3502 97 3538 ι
141 3487 174 3536 ‘10
193 3489 303 3536 antrum
320 3487 370 3552 Εψ
394 3489 527 3539 etrumA
556 3485 570 3556 [l
597 3490 652 3539 mei
669 3506 691 3540 ω
714 3489 796 3539 mihi
813 3487 864 3540 Bo.
887 3483 899 3552 ΙΙ
