2326 3922
158 217 222 281 370
544 227 688 301 murari

159 372 267 431 inuasit
283 371 378 429 omnis
390 387 464 430 ecce
479 369 537 428 iarn
554 366 667 428 caelum
683 366 747 427 iera

159 473 266 532 meque
283 455 447 514 antecessit.
478 455 574 512 uictor
590 471 606 512 e
621 453 710 513 terris
725 470 809 512 meos

159 549 261 617 spectu
277 538 403 598 labores.
435 547 514 598 astra
530 538 675 616 portentis
691 538 772 615 prius

160 624 288 702 ferisque
304 623 376 682 Iuno
392 622 510 690 tribuit,
529 627 560 681 ut
576 619 691 682 caelum
707 621 780 680 mihi

160 708 271 769 laceret
287 707 459 768 timendum.
492 707 635 784 sparserit
650 705 792 766 mundum
808 705 879 766 licet

160 792 333 871 caelumque
349 794 436 851 terris
451 792 536 868 peius
552 808 586 849 ac
601 789 698 850 leuius
714 790 802 868 Styge

159 880 232 937 irata
249 877 350 946 iaciat,
368 875 485 936 dabitur
501 873 621 935 Alcidae
638 874 729 936 locus,

160 963 266 1038 sipost
283 962 360 1021 ieras
377 969 442 1038 post
458 957 535 1020 hella
551 970 618 1036 pust
632 960 759 1038 stygium
777 976 882 1019 canem

161 1045 291 1105 nondum
308 1053 385 1105 astra
401 1046 511 1105 merui:
535 1042 647 1105 siculus
662 1044 831 1122 hesperium
846 1042 928 1106 latus

159 1139 258 1206 tangat
273 1129 410 1198 Pelorus,
430 1127 506 1209 [unu
521 1133 582 1190 ium
597 1132 683 1189 tellus
697 1133 766 1190 erit.

159 1218 244 1276 illinc
256 1212 389 1294 fupuhu]
406 1214 498 1273 maria
514 1215 538 1272 si
554 1214 636 1290 iungi
651 1212 752 1283 iubes,

160 1300 313 1359 conmittat
328 1299 421 1358 undas
436 1298 563 1357 isthmos
581 1305 610 1359 et
625 1300 726 1358 iuncto
742 1295 804 1358 salo

160 1402 236 1444 noua
252 1384 386 1444 ferantur
402 1384 507 1442 atticae
523 1400 637 1461 puppes
652 1383 710 1442 uia.

161 1476 290 1528 mutetur
305 1467 398 1537 urhiS,
416 1466 541 1528 uallibus
557 1475 657 1527 currat
673 1468 758 1528 nauis

160 1553 257 1612 Hister
274 1570 426 1630 nouasque
441 1553 549 1612 Tanais
564 1553 689 1630 accipiat
703 1552 776 1612 uias.

160 1636 195 1696 da
213 1636 248 1696 da
265 1637 389 1696 tuendos
405 1636 536 1714 Iuppiter
551 1635 654 1696 saltem
671 1635 753 1696 deus.

161 1720 209 1781 illa
225 1720 324 1780 licebit
340 1720 450 1781 iulmen
466 1739 481 1780 a
498 1733 582 1798 parte
598 1721 715 1780 auferas

162 1824 215 1883 ege
232 1823 319 1881 quam
336 1805 451 1866 tuebor.
483 1807 546 1866 siue
561 1803 713 1883 glacialem
730 1804 830 1884 paulum

160 1909 212 1949 seu
228 1908 275 1949 me
290 1891 369 1949 tueri
384 1889 528 1950 feruidam
546 1898 659 1967 partem
676 1889 774 1958 iuheS,

161 1975 215 2034 hac
232 1991 296 2034 esse
312 1991 436 2051 superos
452 1982 535 2052 parte
551 1991 674 2035 securos
689 1983 769 2051 puta.

160 2059 294 2118 cirrhaea
311 2058 408 2118 Paean
425 2058 532 2136 templa
549 2068 578 2119 et
593 2059 754 2119 aetheriam
770 2060 893 2120 domum

159 2150 296 2220 serpente
313 2160 398 2203 caeso
414 2145 531 2204 meruit.
563 2161 582 2202 tt
604 2145 740 2219 quotiens
755 2145 831 2204 iacet

159 2228 273 2306 Python
290 2229 318 2285 in
335 2227 438 2306 hydra.
469 2228 602 2288 Bacchus
618 2235 648 2289 et
662 2228 790 2289 Perseus.
807 2229 872 2289 dcis

158 2312 215 2372 iam
232 2331 264 2372 se
279 2310 419 2380 intulere,
440 2312 491 2372 sed
509 2320 598 2389 quota
614 2320 658 2372 est
673 2313 775 2372 mundi
790 2312 876 2390 plaga

159 2399 259 2457 oriens
275 2396 413 2457 subactus
430 2405 479 2457 aut
495 2404 582 2477 quota
599 2406 643 2457 est
658 2397 779 2475 Gorgon
796 2397 867 2458 fera.

159 2484 224 2559 quis
240 2489 317 2542 astra
334 2488 419 2540 natus
435 2481 572 2541 laudibus
588 2483 696 2542 meruit
711 2483 772 2542 suis

160 2584 194 2626 ex
212 2574 239 2625 te
256 2573 284 2625 et
299 2566 448 2625 nouerca?
470 2584 558 2644 quem
575 2565 626 2625 tuli
643 2566 785 2625 mundum
801 2576 880 2643 peto.

159 2650 209 2710 secl
227 2658 257 2710 tu
274 2669 373 2710 cemes
389 2649 498 2711 labaris
514 2650 647 2710 herculei
665 2649 753 2709 Licha

158 2734 258 2813 perier
276 2735 441 2813 triumphus
457 2735 558 2813 Euryti
573 2736 667 2794 uictos
682 2732 760 2794 lares

159 2827 342 2897 stratumque
358 2836 493 2895 regnum.
525 2837 579 2879 uos
594 2837 686 2896 pecus
701 2819 796 2894 rapite
812 2820 895 2880 ocius

200 3001 359 3008 .....-..———-

227 3110 258 3155 tu
276 3109 396 3156 Faceret
414 3107 463 3156 ΕΗ
480 3107 601 3156 Lacerat
623 3109 697 3157 Voss.
716 3107 807 3156 faciat
825 3107 849 3156 Α
862 3104 874 3173 ΙΙ
892 3110 925 3158 77
944 3110 1023 3173 peius
1041 3123 1070 3156 ac

156 3174 247 3224 leuius
266 3175 291 3222 E
309 3175 387 3237 peius
407 3190 440 3223 ac
459 3175 537 3237 peius
556 3172 604 3238 ΑΙΙ
617 3177 650 3226 80
667 3175 750 3224 Haud
769 3173 828 3238 (om.
846 3175 942 3240 dumi)
961 3176 987 3225 E
1004 3176 1067 3226 Nou·

158 3243 219 3292 cium
239 3244 263 3292 Α
281 3238 292 3308 Η
309 3244 339 3291 81
360 3257 415 3291 tura
433 3244 487 3291 iam
506 3247 526 3291 t.
549 3243 636 3306 Erillus
658 3258 714 3292 una
732 3244 755 3292 si
775 3248 794 3292 t.
812 3244 878 3293 R13
899 3247 927 3292 et
945 3259 1003 3294 una
1019 3242 1065 3291 iam

157 3316 177 3363 i.
196 3312 257 3361 RIO
288 3313 315 3359 ei
333 3325 388 3358 una
408 3312 448 3359 sic
468 3316 486 3361 t.
510 3309 588 3359 Ortel.
619 3314 727 3360 trinua
745 3311 800 3359 iam
824 3326 842 3360 α
872 3307 884 3376 Η
914 3309 1065 3367 οτίῐΕᾸΕψ

158 3384 229 3428 erat
243 3396 260 3428 u
273 3376 283 3444 ll
296 3379 358 3428 lutee
371 3378 449 3426 uerba
467 3378 530 3428 Una
549 3379 604 3426 iem
623 3377 705 3427 tellus
724 3379 784 3430 erit.
803 3378 887 3428 Illinc
907 3379 1012 3444 fugabo
1027 3378 1063 3426 de·

157 3449 214 3499 leui.
230 3444 242 3512 l}
259 3450 292 3496 93
311 3445 333 3494 O
354 3445 481 3510 quotiens
499 3446 524 3494 E
544 3452 572 3495 at
591 3462 615 3510 q.
636 3446 660 3494 A
681 3462 697 3495 a
714 3442 844 3511 scripulu
865 3449 899 3497 99
917 3447 997 3511 Lyca
1013 3445 1035 3495 A
1050 3440 1062 3501 ll

154 3513 206 3565 100
223 3514 323 3566 Perfer
341 3513 364 3563 E
383 3515 494 3578 Vns-mu
513 3515 637 3564 Praeier
656 3529 673 3562 α
686 3511 821 3578 lllaheres
840 3514 865 3562 E
890 3511 901 3579 ΙΙ
