2326 3922
341 198 522 247 nuncnune
540 184 703 268 [evenus]

62 339 240 399 uirtutis.
263 339 336 398 affer
351 356 444 399 arma.
475 339 612 398 uincatur
627 355 691 398 mea

65 424 187 484 fortuna
203 423 316 484 dextra.

65 521 169 569 THES.
351 517 421 568 sunt
436 507 553 586 quidem
569 507 662 585 patris
677 524 781 584 preces

67 592 305 664 satiseffieaees,
322 593 373 654 sed
389 599 487 652 tamen
504 599 605 652 nostru
620 609 739 671 quoquc

65 696 192 738 mouere
207 678 288 738 fletu.
631 693 635 698 ·

26 772 47 828 i'
319 761 415 840 Surge
430 769 459 823 et
473 760 599 822 aduersa
614 761 725 839 impetu

66 847 223 926 perfringe
238 845 334 907 sclito.
365 864 446 907 nunc
461 852 543 907 tuum
559 845 631 906 nertii
646 847 780 924 inparem

67 934 202 993 animum
217 931 295 992 malo
310 949 446 999 resume,
463 948 542 991 nunc
557 948 663 1009 magna
681 930 733 991 tihi

68 1019 214 1077 uirtute
233 1016 380 1094 agendum
397 1023 450 1076 est.
474 1015 633 1076 Herculem
649 1017 736 1076 irasci
752 1023 829 1076 ueta.

66 1114 173 1161 ΗΕΒΟ.
203 1102 314 1161 sinino
334 1101 392 1161 ieci
406 1099 528 1170 scelera,
544 1101 569 1159 si
584 1101 697 1160 morior
718 1098 780 1162 tuli.

28 1202 48 1250 k
112 1186 245 1262 Purgare
260 1192 356 1246 terras
370 1202 512 1263 propero.
541 1183 713 1245 iamdudum
729 1186 802 1245 mihi

69 1278 235 1331 monstrum
251 1271 365 1348 inpium
381 1287 562 1348 saeuumque
577 1275 607 1329 et
621 1270 725 1329 inmite
740 1288 774 1330 ac
792 1269 887 1330 terum

69 1355 198 1416 oberrat.
229 1355 356 1433 agedum
371 1354 476 1415 dextra
492 1371 600 1414 conare
616 1353 738 1430 aggredi

68 1441 174 1517 ingens
188 1457 265 1519 opus
279 1439 383 1501 labare
397 1439 516 1500 bisseno
532 1438 666 1518 amplius.
682 1472 723 1483 -

69 1527 181 1604 ignaua
197 1541 293 1585 cessas
308 1525 392 1585 sertis
407 1525 437 1583 in
453 1542 563 1603 pueros
579 1524 666 1584 modo

69 1609 266 1688 pauidamque
281 1609 424 1670 matrem?
444 1627 526 1669 arma
543 1609 599 1668 nisi
614 1608 721 1669 dantur
736 1609 816 1679 mihi,

68 1701 121 1754 aut
136 1711 223 1756 omne
239 1694 324 1754 Pindi
339 1693 450 1754 thracis
465 1694 598 1754 excidam
616 1711 720 1754 nemus

68 1777 240 1855 Bacchique
255 1776 338 1839 lucus
355 1788 384 1839 et
400 1777 585 1840 Cithaeronis
600 1780 666 1855 iuga

68 1880 188 1923 mecum
207 1862 356 1924 cremabo.

388 1947 462 2008 Tota
477 1966 546 2008 cum
560 1947 677 2008 Iuribus
692 1949 752 2008 suis

69 2031 256 2110 dominisque
273 2038 364 2102 tecta,
380 2050 448 2092 cum
464 2033 527 2093 deis
542 2030 650 2110 templa
666 2031 805 2093 omnibus

69 2115 199 2177 thebana
214 2133 304 2194 supra
320 2134 428 2196 corpus
443 2117 588 2194 excipiam
604 2134 703 2178 meum

69 2208 160 2279 atque
174 2200 249 2262 urhe
264 2218 352 2261 uersa
368 2201 480 2262 condar
496 2203 564 2262 etsi
582 2200 710 2262 sortibus

70 2285 138 2346 leue
154 2285 270 2364 pondus
285 2288 397 2346 umeris
412 2287 528 2346 muenia
544 2287 666 2348 inmissa
681 2285 812 2346 incident

69 2379 246 2449 septemque
262 2377 384 2448 opertus
400 2388 459 2431 non
475 2372 545 2433 satis
561 2372 654 2448 portis
669 2388 798 2449 premar,

69 2471 148 2514 onus
162 2472 250 2514 omne
266 2454 362 2515 media
378 2466 465 2534 parte
480 2455 559 2533 qued
576 2456 677 2516 mundi
693 2455 776 2516 sedet

68 2539 242 2618 dirimitque
257 2556 382 2616 superos
398 2541 428 2599 in
444 2558 543 2601 meum
560 2548 675 2602 uertam
692 2547 790 2619 caput.

140 2793 206 2843 1278
225 2792 295 2844 affer
309 2795 336 2842 V
348 2792 415 2844 effer
428 2790 502 2910 εΑΙὲ
521 2795 586 2845 1279
606 2794 664 2844 Am.
678 2796 766 2844 uersus·
776 2788 919 2858 praeficem
929 2795 956 2844 V
963 2790 977 2860 ΙΙ
1076 2760 1082 2772 ι

67 2858 195 2925 senune)
209 2876 245 2911 uc
256 2862 356 2926 syllaba
367 2877 419 2912 ree.
433 2879 463 2915 m.
520 2878 552 2911 aa
571 2863 739 2912 nouerca?
757 2857 769 2928 l]
792 2863 879 2926 patris
896 2863 922 2911 V
938 2879 987 2927 pa-

65 2928 141 2979 triae
161 2926 211 2978 EA
241 2924 254 2996 ΙΙ
284 2930 349 2980 1281
372 2945 482 2980 mouere
499 2929 578 2995 EVqr
605 2944 735 2980 moueare
755 2931 779 2979 A
808 2925 821 2996 ΙΙ
851 2930 917 2980 1284
945 2935 989 2979 est

64 3013 116 3049 om.
133 2996 162 3047 V
181 2992 193 3063 ΙΙ
217 2999 283 3048 1286
295 2997 482 3048 iamdumdum
498 2995 531 3048 V¹
550 2993 563 3065 Η
575 2999 641 3048 1288
655 2997 791 3063 agendum
808 2996 873 3048 V'R
879 2999 953 3048 1314
964 2993 976 3064 ΙΙ

67 3066 138 3115 1290
155 3064 258 3126 ignaue
271 3081 293 3115 ω
312 3065 421 3131 ignaua
436 3065 543 3119 LGron.
567 3062 580 3132 ΙΙ
609 3068 674 3117 1291
694 3063 865 3129 pauidaeque
884 3071 988 3115 matres

63 3140 92 3194 ψ
163 3131 264 3182 dentur
281 3131 307 3182 ld
324 3134 370 3183 aria·
390 3140 417 3183 ut
440 3135 542 3184 uidetur
570 3136 669 3183 dentur
691 3133 740 3183 VA
769 3127 782 3199 ss
811 3134 876 3183 1292
918 3132 987 3181 inidi

68 3200 98 3250 V
156 3200 292 3251 excisum
305 3199 427 3251 B.Sclaem.
443 3197 456 3268 ΙΙ
479 3201 545 3252 1294
564 3204 685 3250 auttote
701 3196 895 3265 Vratiel.Bo.{
925 3215 987 3249 cum

62 3267 195 3318 domibus
212 3284 234 3319 ω
257 3283 319 3319 cum
338 3268 479 3320 famulis
500 3267 687 3319 suisB.Sedm.
707 3282 768 3316 eum
786 3266 906 3316 laribus
922 3268 987 3316 ecri-

61 3337 109 3400 psi
131 3330 144 3402 ss
169 3336 236 3386 1297
259 3350 359 3387 euersa
376 3336 432 3387 EV
444 3337 552 3388 Vrutist.
582 3350 665 3386 uersa
683 3336 708 3385 Α
737 3331 749 3400 ΙΙ
779 3336 845 3385 1298
863 3332 988 3382 incident

60 3402 92 3522 ἔ
100 3403 129 3454 V
131 3410 157 3466 ψ
183 3403 316 3537 ¹qxcidcnt
333 3404 358 3455 A
399 3399 412 3471 ll
452 3406 518 3455 1300
544 3402 616 3469 quod
638 3401 731 3452 mundi
748 3402 806 3451 EV
832 3414 887 3464 que
910 3414 986 3449 muu-

83 3485 116 3522 ιιι
134 3471 161 3521 Α
