2326 3922
153 211 215 274 110
249 278 251 282 ,
433 223 465 270 n.
482 189 615 271 nonani
632 223 790 272 sennenn

152 365 270 425 obstare
285 380 340 423 nec
356 380 388 423 se
403 371 521 422 uertere
536 379 571 422 ao
586 370 668 424 retro
685 363 766 424 dare.

153 451 273 510 resiste:
290 449 377 507 tantis
393 448 422 505 in
438 446 522 508 malis
537 447 616 508 uinci
632 451 708 508 mori
724 455 777 509 εει.

123 553 140 601 b
197 531 254 602 Qui
269 531 326 591 iata
342 530 526 608 proculcauit
541 549 575 592 ac
591 532 669 592 uitae
684 531 763 592 bona

150 620 277 697 proiecit
292 624 385 693 atque
395 614 519 675 abscidit
535 623 564 676 et
579 633 665 677 casus
681 633 750 677 suos

152 703 287 763 ouerauit
302 703 374 779 ipse,
391 702 438 761 cui
453 700 509 760 deo
525 699 605 761 nullo
622 709 668 761 est
683 717 775 779 opus,-

152 804 244 864 quare
260 784 308 845 iile
325 793 451 845 mortem
468 787 575 862 cupiat,
593 793 643 846 aut
658 803 750 864 quare
766 784 865 864 petat?

123 904 136 936 e
193 871 358 948 Vtrumque
373 869 466 928 timidi
483 876 534 930 est.
561 887 649 930 nemo
666 871 845 949 contempsit
858 873 936 931 mori

151 957 201 1034 qui
218 955 397 1032 concupiuit,
414 955 498 1014 cuins
513 954 592 1014 haud
608 954 684 1014 ultra
701 954 777 1015 maia

151 1042 231 1099 exire
247 1046 371 1116 possunt
386 1039 414 1096 in
431 1038 497 1097 loco
514 1045 577 1099 tuto
594 1047 638 1100 est
652 1040 734 1100 situs.

150 1126 216 1202 quis
231 1125 290 1182 iarn
306 1122 447 1192 deornm,
464 1121 541 1184 uelle
557 1123 617 1194 iao,
641 1125 800 1204 quicquam
815 1130 915 1201 potest
937 1151 939 1155 ⁴

149 1207 234 1269 malis
250 1208 306 1267 tuis
321 1206 455 1268 adicere?
477 1208 536 1267 iarn
552 1226 607 1268 nec
623 1219 655 1269 tu
670 1216 756 1288 potes

149 1294 206 1354 nisi
221 1293 286 1362 hoc,
304 1299 336 1351 ut
352 1310 416 1352 esse
431 1299 460 1351 te
475 1301 561 1370 putes
577 1292 697 1371 dignum
713 1310 797 1353 nece.

149 1396 208 1437 non
225 1395 256 1437 es
272 1394 326 1436 nec
343 1375 400 1437 ulia
418 1385 520 1453 pectus
534 1376 592 1436 boc
607 1376 692 1455 culpa
708 1378 813 1455 attigit.

110 1475 137 1522 ε’
191 1463 227 1522 Ει
243 1462 300 1520 hoc
316 1463 409 1538 magis
425 1468 453 1520 te
469 1461 585 1538 genitor
600 1463 747 1522 insontem
763 1477 848 1529 uoca,
867 1500 870 1505 ,

149 1545 228 1625 quod
243 1547 386 1604 innocens
402 1563 434 1605 es
450 1545 494 1605 dis
510 1563 628 1624 quoqne
644 1547 754 1607 inuitis.
783 1545 853 1624 quid
869 1554 914 1606 est
1087 1563 1134 1613 noo

149 1630 228 1708 quod
244 1637 273 1689 ιε
290 1630 425 1698 ederant,
444 1629 523 1707 quod
539 1647 633 1691 nouos
649 1629 793 1692 suffixerit

149 1713 283 1775 stimulos
299 1713 413 1773 dolori?
436 1714 506 1791 quid
522 1722 550 1775 te
566 1717 595 1774 iu
610 1716 743 1776 infernas
759 1717 819 1792 agit

149 1799 253 1860 sedes?
275 1798 344 1878 quid
360 1818 394 1859 ex
410 1798 457 1857 his
472 1797 573 1876 pellit?
595 1810 628 1860 ut
643 1817 745 1860 careas
761 1799 828 1861 die?
842 1833 885 1844 -

150 1903 243 1945 cares.
262 1919 299 1927 —
317 1891 348 1943 nt
363 1883 428 1943 altis
444 1883 573 1944 nobilem
588 1885 682 1944 muris
697 1885 817 1944 domurn

147 1970 332 2047 patriamqne
348 1967 462 2045 fugias?
476 2003 518 2013 -
534 1970 628 2048 patria
645 1968 697 2029 tibi
712 1971 783 2030 uiuo
798 1970 886 2048 perit.
905 2003 944 2013 -
1086 1985 1133 2034 210

117 2062 134 2113 d
191 2054 301 2114 Gnatos
316 2053 415 2130 fugis
431 2055 634 2131 matremque?
648 2087 685 2098 -
703 2052 740 2113 ab
757 2052 899 2130 adspectu
910 2055 1047 2114 omnium

150 2137 268 2198 fortuna
285 2145 312 2197 ιε
328 2137 478 2197 submouit
494 2145 524 2198 ει
540 2137 678 2217 quicquid
693 2144 791 2217 potest

147 2223 264 2282 auierre
281 2223 417 2300 cuiquam
434 2240 524 2290 nrors,
540 2222 594 2283 tibi
610 2223 668 2282 hoc
684 2225 744 2282 uita
759 2219 888 2282 abstulit.

147 2308 232 2386 regni
249 2306 400 2373 tumultus,
417 2305 502 2366 turba
519 2306 655 2367 fortunae
671 2308 753 2384 prior

148 2391 289 2452 abscessit
304 2410 320 2451 a
336 2399 364 2450 te
379 2392 467 2451 iussa.
495 2409 583 2468 quern
600 2393 715 2470 genitor
731 2389 846 2468 iugis?
1084 2406 1132 2456 215

107 2481 133 2538 (ι’
189 2477 364 2536 onu1P.Me
377 2477 488 2554 fugio,
502 2474 602 2552 fugio
615 2477 765 2537 conscium
775 2473 923 2535 scelerum
932 2476 1068 2536 omnium

145 2567 249 2639 pectus
264 2578 443 2638 manumque
459 2560 535 2620 hanc
551 2560 652 2638 fugio
669 2567 699 2621 et
713 2559 771 2620 hoc
787 2557 902 2620 caelum
919 2568 950 2621 et
965 2559 1040 2621 deos

145 2654 174 2704 et
189 2644 251 2704 dira
269 2643 370 2722 fugio
387 2644 500 2705 scelera
516 2663 591 2724 quae
607 2646 663 2706 ieci
677 2647 831 2706 innocens.

145 2747 199 2806 ego
216 2729 272 2788 hoc
288 2727 381 2788 solum
398 2728 540 2807 frugifera
556 2748 614 2809 qno
631 2732 727 2809 surgit
743 2729 840 2800 Ceres,

144 2815 267 2893 premo?
290 2813 343 2873 has
360 2831 414 2891 ego
430 2831 517 2875 auras
532 2832 584 2876 ore
599 2816 740 2892 pestifero
756 2813 861 2876 traho?
1082 2828 1131 2878 εει)

212 2985 244 3032 79
262 2984 309 3032 Ιιιιε
326 2983 538 3033 reuocauit-BP.
567 2979 580 3048 ΙΙ
608 2984 710 3033 malum
729 2990 772 3035 εει
790 2985 814 3033 A
839 2982 908 3033 mori
926 2985 970 3032 est
986 2981 1011 3031 E
1041 2979 1054 3048 ΙΙ

146 3052 194 3099 194
213 3050 350 3100 abscessit
363 3066 381 3099 α
400 3050 519 3100 abscidit
531 3050 581 3113 Εψ
604 3047 616 3117 il
640 3054 689 3102 195
707 3053 762 3116 ipsi
781 3067 832 3102 ceu
850 3049 932 3102 uideo
951 3050 976 3098 A
1001 3051 1063 3115 ipse

144 3117 189 3165 cui
208 3116 259 3166 deo
278 3117 303 3165 E
326 3113 338 3181 [l
362 3119 410 3168 196
428 3119 488 3182 ipse
507 3117 531 3165 A
551 3117 600 3168 ille
619 3119 644 3168 E
663 3115 676 3186 [Ι
699 3120 815 3184 fugiat
832 3119 951 3182 ci.Lips.
976 3113 990 3184 ΙΙ
1014 3119 1064 3168 197

144 3189 187 3234 εει
205 3184 277 3233 uelle
297 3189 368 3234 cont.
388 3186 413 3233 A
438 3191 480 3234 est
497 3201 576 3236 nemo
596 3191 670 3239 cont.
687 3187 713 3236 E
732 3186 815 3250 (uelle
832 3203 880 3238 om.
892 3185 918 3235 Ε
931 3192 949 3235 ι.
963 3183 1023 3249 Gr.)
1040 3181 1053 3251 ss

144 3253 192 3303 198
217 3252 263 3315 qui
281 3267 336 3302 non
355 3254 569 3317 concupiscitur
593 3257 640 3318 qui
659 3255 834 3320 concupiscit
852 3270 871 3304 α
894 3252 942 3317 qui
960 3267 1063 3304 concn-

142 3321 212 3386 pinit
232 3321 254 3370 E
278 3316 289 3386 li
313 3322 363 3370 295
381 3320 479 3369 innisis
497 3328 520 3383 ψ
538 3322 635 3373 inuitis
654 3336 689 3373 εα
712 3319 723 3389 Η
746 3323 797 3373 206
814 3336 920 3373 nonnos
932 3319 957 3368 Ε
979 3317 991 3386 ΙΙ
1012 3321 1063 3372 207

141 3395 169 3439 ιε
188 3389 354 3450 internasci
384 3392 411 3437 ιε
431 3386 466 3435 ad
485 3388 534 3440 ini.
556 3406 574 3438 α
602 3396 631 3441 ιε
649 3391 678 3440 in
696 3391 822 3440 infernas
839 3389 865 3439 E
893 3384 905 3453 li
935 3389 986 3439 213
1008 3387 1064 3439 hoc

143 3464 164 3518 ψ
183 3457 234 3507 hoc
248 3470 282 3506 εα
305 3452 317 3521 ΙΙ
341 3457 390 3504 214
408 3455 520 3505 fortuna
532 3456 557 3504 E
575 3458 702 3508 fortunae
716 3459 740 3508 A
761 3456 774 3525 il
796 3460 846 3508 215
865 3462 928 3508 ante
946 3455 1063 3507 iustoA

143 3528 207 3572 ante
227 3525 338 3574 iussoR
361 3539 377 3573 a
396 3528 423 3572 te
442 3522 518 3572 iussa
536 3524 561 3572 E
584 3522 595 3590 [ι
618 3527 668 3576 218
686 3541 790 3578 nocens
802 3528 827 3575 A
845 3526 980 3575 innocens
997 3523 1023 3574 E
1039 3520 1053 3589 ΙΙ
