2326 3922
143 194 206 258 328
375 140 378 144 A
535 204 676 252 monum

145 366 213 409 nam
229 365 294 408 sera
311 364 473 424 numquam
491 353 534 405 est
549 344 586 404 ari
602 343 698 405 bonos
713 361 812 404 mores
829 344 887 405 nia.

146 450 234 513 quem
251 432 383 509 paenitet
399 447 556 508 peccasse,
574 446 668 506 paene
684 435 729 488 est
744 429 899 489 innocens.

187 528 267 576 Ano.
296 513 359 584 Quo
375 515 489 591 raperis
506 513 625 574 amens?
649 513 747 574 credis
761 520 812 573 aut
826 531 932 592 speras
949 513 1005 575 tibi
1090 522 1135 571 110

147 600 377 678 Agamemnonis
392 596 479 658 fidele
496 597 687 676 coniugium?
710 606 742 658 ut
756 597 829 658 nihii

148 684 284 746 subesset
299 684 396 744 animo
413 683 491 761 quod
508 699 616 760 graues
631 681 743 743 faceret
758 689 871 751 metus,

147 776 245 830 tamen
261 767 391 847 superba
408 775 437 827 et
451 767 588 844 inpotens
603 765 674 827 flatu
691 768 778 828 nimis
818 842 822 852 ι

148 854 268 914 fortuna
283 868 392 929 magno
410 852 531 928 spiritns
547 850 674 911 tumidos
690 851 783 912 daret.
820 856 824 870 '

190 938 298 999 Grauis
313 936 362 996 ille
378 937 467 995 sociis
481 941 577 996 stante
593 935 690 995 adhuc
705 935 794 996 Troia
810 935 875 996 suit.
1085 944 1127 994 200

147 1023 217 1102 quid
233 1039 300 1081 rere
316 1021 352 1080 ad
369 1022 498 1080 animum
515 1027 619 1096 suapte
634 1026 740 1086 natura
755 1027 871 1080 trucem

147 1107 265 1167 Troiam
282 1104 445 1166 addidisse?
466 1122 523 1164 :rer
538 1103 729 1182 Mycenarum
746 1104 814 1174 tuit,

147 1191 248 1251 ueniet
262 1197 420 1268 tyrannus:
443 1206 587 1267 prospera
603 1190 718 1248 animos
734 1189 870 1250 efferunt.

148 1275 239 1335 eiiusa
256 1275 335 1334 circa
351 1271 496 1350 paelicum
513 1279 622 1352 quanto
638 1274 720 1333 uenit

149 1359 235 1420 turba
251 1365 404 1438 apparatu.
436 1355 496 1418 sola
513 1356 566 1418 sed
579 1355 668 1416 turba
684 1358 794 1417 eminet

148 1451 291 1520 tenetque
307 1459 408 1520 regern
424 1440 532 1501 famula
549 1441 670 1501 ueridici
685 1441 742 1501 dei.

190 1530 320 1588 Feresne
336 1525 456 1586 thalami
471 1527 549 1586 uicta
565 1532 733 1586 consortem
749 1527 809 1586 tuit

152 1619 180 1672 at
194 1610 244 1672 illa
260 1610 350 1671 nolet.
382 1609 518 1670 ultimum
535 1616 580 1670 est
594 1616 702 1688 nuptae
717 1607 827 1670 malum

148 1695 247 1776 palam
264 1695 399 1755 maritam
415 1693 569 1772 possidens
585 1692 690 1772 paelex
705 1694 836 1755 domum.

149 1798 205 1840 neo
220 1797 313 1857 regna
329 1779 442 1839 socium
459 1777 538 1838 serre
554 1796 610 1838 nec
625 1779 728 1840 taedae
742 1780 849 1839 sciunt.
1076 1780 1115 1830 212

192 1876 291 1924 corr.
315 1864 454 1940 Aegistho
470 1862 540 1939 quid
555 1881 604 1923 me
619 1879 724 1924 rursus
739 1864 768 1923 10
784 1880 930 1943 praeceps
944 1865 1008 1942 agis

76 2023 79 2027 ⁸
149 1950 284 2027 iramque
300 1948 427 2008 flammis
442 1947 499 2008 iam
517 1947 698 2008 residentem
715 1947 837 2007 incitas?
864 1976 867 1982 ·

151 2034 285 2111 permisit
301 2031 410 2111 aliquid
425 2033 522 2091 uictor
538 2031 567 2090 in
583 2037 699 2109 captam
715 2030 786 2092 sibi:

150 2135 206 2177 nec
223 2117 380 2194 coniugem
396 2116 453 2175 hoo
469 2117 619 2193 respicere
635 2132 692 2175 nec
707 2115 856 2176 dominam
873 2116 969 2178 decet.

195 2201 255 2261 Lex
273 2199 328 2260 aiia
344 2199 417 2259 solio
434 2207 484 2260 est*
493 2198 547 2260 alia
564 2201 682 2278 priuato
697 2201 728 2259 in
744 2208 820 2262 toro.
1076 2201 1123 2251 ts»
1149 2191 1159 2231 “·“

151 2285 223 2365 quid
240 2285 318 2363 quod
335 2302 455 2345 seueras
472 2284 551 2345 ferre
567 2303 614 2345 me
630 2283 711 2360 leges
726 2287 792 2345 uiro

151 2388 212 2429 non
227 2371 338 2449 patitur
354 2370 468 2429 animus
484 2369 579 2445 turpis
594 2369 714 2430 admissi
729 2387 853 2432 memor.

152 2455 201 2514 det
217 2453 266 2514 ille
282 2455 399 2514 neniam
418 2451 502 2514 facile
519 2454 567 2513 cui
581 2454 667 2514 uenia
684 2458 730 2514 est
744 2471 828 2531 opus.

193 2551 273 2598 nno.
298 2539 339 2598 ita
355 2538 419 2599 est?
441 2538 551 2615 pacisci
566 2545 697 2598 mutuam
707 2540 833 2599 ‚ueniam
847 2537 936 2599 licet?

150 2624 249 2700 ignota
267 2621 318 2682 tibi
334 2629 402 2682 sunt
418 2623 481 2682 iura
497 2639 658 2700 regnorum
675 2621 747 2683 baut
762 2639 848 2684 noua.
1081 2626 1093 2673 2

152 2705 238 2767 nobis
253 2705 372 2784 maligni
386 2707 500 2767 iudices
516 2708 602 2784 aequi
617 2705 673 2767 sibi

1096 2611 1159 2672 τ’

219 2943 451 3005 2440000100
480 2938 492 3006 ΙΙ
521 2943 570 2991 255
589 2940 649 2991 sola.
667 2941 716 2992 sed
733 2942 815 2992 turbu
834 2921 938 2992 eminet
956 2943 983 2991 E
1011 2942 1068 2991 sola

46 3033 49 3037 ·
151 3008 199 3058 sed
212 3009 292 3072 longe
306 3025 357 3058 em.
370 3010 394 3058 Α
414 3009 496 3058 turba
510 3009 558 3058 sed
570 3008 653 3074 longe
666 3025 718 3060 em.
731 3005 986 3076 1112112561031111111
998 3009 1037 3059 2Ε
1056 3010 1067 3069 ΙΙ

150 3078 200 3126 258
219 3076 306 3124 nollet
324 3076 349 3124 E
378 3073 390 3140 ΙΙ
419 3078 468 3126 259
491 3076 592 3125 marita
615 3092 651 3126 ex
674 3092 742 3127 carr.
760 3093 802 3142 pr.
821 3092 853 3126 m.
871 3077 898 3125 Ε
927 3077 1024 3127 mariti
1045 3076 1069 3125 A

150 3143 284 3192 maritam
303 3143 377 3194 NHs.
406 3139 411 3209 Ι
448 3145 496 3191 261
517 3142 597 3192 OLY:
614 3144 639 3192 Α
662 3159 709 3193 om.
728 3143 764 3192 E¹
782 3146 831 3195 sed
859 3143 901 3193 01.
920 3146 984 3195 add.
1002 3143 1068 3203 11:³11

151 3211 212 3274 agis
232 3209 257 3257 E
274 3211 350 3274 rapis
369 3211 393 3259 A
425 3206 429 3276 Ι
452 3212 505 3259 262
523 3211 625 3260 incitas
643 3210 669 3259 E
685 3213 798 3275 Vasco
817 3212 926 3261 excitas
945 3228 965 3261 οι
987 3208 1000 3277 11
1022 3212 1070 3260 263

151 3277 254 3342 aliquis
273 3277 298 3326 E
317 3277 424 3342 aliquid
443 3278 467 3325 A
486 3275 497 3343 ii
515 3282 625 3342 captam
646 3278 695 3327 ΕΑ
716 3283 815 3344 captas
832 3274 995 3344 1110011264
1011 3279 1072 3328 Nou

150 3361 250 3426 —lnon
261 3371 296 3383 -
314 3351 348 3399 ο0.
363 3363 384 3426 u:
399 3347 427 3393 t’
446 3345 517 3396 Detr.
530 3342 603 3425 11255
617 3345 688 3396 10110
701 3346 752 3396 ΕΑ
772 3347 848 3396 10010
860 3341 1036 3412 001101111οω
1047 3343 1072 3394 Ε

149 3418 265 3531 prandetpl
280 3415 305 3547 [Ui
334 3410 346 3480 {i
376 3427 405 3462 111
423 3416 483 3461 toro
502 3413 551 3477 Εψ
573 3429 602 3462 111
620 3428 667 3467 om.
686 3414 711 3462 Α
741 3409 753 3475 ΙΙ
782 3416 832 3464 270
851 3417 901 3464 aut
918 3413 1073 3473 enarret

170 3495 204 3529 111
791 3519 793 3523 ,
