2326 3922
475 198 653 246 33333333
713 201 725 244 .·
968 183 1022 248 95

104 342 128 402 si
144 359 212 400 cum
229 340 303 399 meis
317 338 447 416 gaudere
462 337 542 399 felici
558 338 654 399 datur.

65 445 84 492 b
148 439 226 484 nnn.
256 423 309 482 Hic
325 441 389 484 esse
405 430 488 483 natos
504 423 593 484 crede
608 424 638 483 in
653 423 791 500 amplexu
806 425 931 501 patris..
1037 441 1088 491 980

103 511 153 569 hic
174 517 244 568 sunt
260 514 406 586 eruntque
422 507 502 567 nulla
517 525 587 587 pars
603 507 695 585 prolis
712 517 777 568 tuae
816 559 818 562 ,

103 593 158 653 tibi
173 592 374 653 subtrahetur.
402 610 455 652 ora
473 610 548 671 quae
564 593 686 669 exoptas
703 592 781 653 dabo‘

61 687 89 744 o'
145 678 312 756 Totumque
328 675 415 736 turha
431 677 490 737 iam
506 695 558 736 sua
574 675 695 755 inplebo
711 686 828 755 patrem

103 762 273 831 satiaberis,
291 779 327 821 ne
344 769 450 822 rnetue.
480 779 558 821 nunc
575 762 657 821 mixti
672 764 745 820 meis

102 847 230 907 iucunda
247 863 368 906 mensae
384 863 468 906 sacra
484 844 620 906 iuuenilis
637 845 746 914 colunt,

103 932 154 991 sed
172 932 332 991 accientur.

56 1023 94 1081 b''
356 1012 500 1076 Pocuium
516 1014 613 1075 intuso
630 1032 702 1092 cape

103 1099 214 1178 gentile
230 1099 353 1160 baccho.

102 1199 183 1244 3333.
391 1185 474 1262 capio
489 1184 638 1244 fraternae
654 1183 738 1261 dapis

102 1270 222 1329 donum.
250 1270 382 1345 paternis
395 1269 466 1328 uina
481 1267 611 1328 libentur
627 1268 698 1336 deis,

102 1365 174 1414 tunc
189 1353 374 1413 hauriantur.

65 1472 81 1504 c
413 1436 471 1497 Sed
487 1436 574 1513 quid
591 1435 677 1496 hoct
694 1435 798 1496 nolunt
813 1454 920 1497 uranus

100 1541 219 1600 parere,
236 1522 343 1582 crescit
357 1521 478 1600 pondus
491 1528 521 1581 et
535 1521 668 1581 dextram
686 1529 800 1598 grauat.

100 1606 238 1666 admotus
254 1607 324 1685 ipsis
339 1605 472 1667 bacchus
487 1624 503 1666 a
519 1605 610 1664 labris
627 1607 700 1681 sugit

100 1693 240 1770 circaque
256 1692 349 1750 rictus
365 1707 418 1750 ore
434 1690 559 1768 decepto
575 1689 640 1750 ssuit

99 1785 129 1835 et
146 1776 208 1852 ipsa
225 1775 342 1852 trepido
357 1792 460 1834 mensa
471 1773 608 1835 subsiluit
624 1773 697 1835 solo.

100 1860 152 1919 nix
169 1859 247 1919 lucet
264 1862 348 1936 ignis.
376 1859 440 1936 ipse
454 1859 525 1938 quin
542 1859 645 1920 aether
661 1860 760 1937 grauis

99 1946 177 2004 inter
194 1944 272 2003 diem
289 1951 466 2022 noctemque
482 1943 617 2004 desertus
633 1951 738 2020 stupet.

62 2038 87 2094 c'
125 2028 241 2104 ‚Quin
262 2027 349 2089 hoc?
370 2030 464 2105 magis
478 2028 630 2106 magisque
646 2030 782 2087 concussi
797 2028 897 2088 labant

98 2130 233 2172 conuexa
250 2111 331 2182 caeli,
347 2114 471 2190 spissior
486 2112 584 2172 densis
600 2113 659 2173 coit

98 2197 195 2271 caligo
212 2196 344 2258 tenebris
360 2214 479 2274 noxque
494 2216 527 2257 33
542 2199 572 2256 in
589 2207 706 2257 noctem
723 2196 845 2257 abdidit.

96 2282 175 2358 [ugit
190 2300 279 2341 omne
295 2282 386 2342 sidus.
415 2281 554 2359 quicquid
571 2289 615 2341 est
630 2282 714 2342 fratri
729 2299 838 2360 precor

97 2368 254 2444 gnatisque
269 2373 386 2445 parcat,
403 2365 499 2426 omnis
514 2367 542 2425 in
560 2366 617 2426 uile
632 2365 689 2425 hoc
704 2374 792 2445 caput

97 2451 185 2510 aheat
200 2449 340 2528 procella.
368 2450 460 2510 redde
476 2452 532 2509 ianr
550 2458 655 2528 gnatos
671 2451 751 2511 mihi.

96 2548 174 2594 333.
202 2534 323 2595 reddam
341 2544 370 2595 et
384 2533 437 2593 tihi
452 2533 517 2594 illos
532 2533 630 2595 nullus
646 2537 752 2612 eripiet
767 2535 838 2595 dieo.

69 2625 85 2644 ''
143 2631 223 2678 THY.
251 2617 340 2688 Quis
356 2619 414 2678 hic
429 2619 573 2680 tumultus
589 2622 703 2679 uiscera
718 2621 847 2697 exagitat
862 2620 945 2681 mea?

95 2703 169 2782 quid
185 2705 308 2763 tremuit
322 2705 420 2764 intus?
441 2707 536 2764 sentio
552 2705 697 2783 inpatiens
713 2723 788 2766 onus

94 2806 258 2867 meumque
273 2789 383 2865 gemitu
400 2807 460 2848 non
475 2795 660 2866 nreopectus
676 2791 775 2868 gennit.

95 2873 209 2939 adeste,
227 2874 297 2932 nati.
325 2874 441 2950 genitor
457 2872 559 2934 infelix
575 2882 670 2933 uocat.

94 2957 198 3017 adeste
214 2958 286 3018 uisis
300 2956 393 3034 fugiet
408 2958 456 3018 hic
472 2957 558 3018 uobis
574 2957 668 3017 dolor.
684 2991 726 3001 -

94 3041 175 3102 unde
192 3039 411 3120 obloquuntur?

164 3227 301 3278 98913333
320 3242 391 3291 quae
411 3243 479 3281 corr
495 3227 619 3278 33313333
636 3243 710 3332 cguae
729 3226 762 3276 E¹
786 3244 835 3279 ora
854 3244 925 3293 quae
943 3230 968 3278 Α
990 3225 1002 3294 d

93 3347 146 3396 989
163 3361 219 3396 uon
236 3345 298 3396 uult
315 3346 340 3395 A
368 3343 433 3396 nolr
448 3345 473 3396 E
502 3343 513 3412 ΙΙ
542 3348 592 3397 999
611 3304 706 3410 adque
725 3348 808 3396 rittus
825 3348 851 3396 Ε
881 3347 1011 3408 circaque

93 3414 220 3464 rictusA
249 3409 262 3480 Η
290 3413 379 3463 effluit
395 3416 420 3463 A
444 3414 504 3463 fluit
521 3413 547 3462 E
576 3410 587 3481 11
616 3416 666 3465 998
684 3414 800 3464 addidit
790 3419 848 3467 tei.
866 3413 945 3466 Gran.
966 3416 1013 3475 (sic

93 3480 171 3544 1114)
197 3477 211 3548 ΙΙ
235 3484 301 3533 1003
318 3481 385 3545 quid
401 3481 427 3530 E
449 3482 547 3546 quisA
571 3479 583 3547 d
