2326 3922
141 101 180 164 18
419 115 451 162 n.
468 115 601 162 xxxxur
616 82 774 160 sunnone

137 274 192 316 nec
208 262 330 331 coeptus
344 271 483 331 umquam
501 253 587 313 cedat
602 271 637 312 ex
653 253 757 312 animis
774 251 787 310 l
792 271 897 322 uror,

137 340 188 400 sed
206 357 303 399 arina
320 338 388 398 felix
404 345 515 405 teneat,
532 336 632 402 infelix
648 344 748 415 paret:

138 423 210 484 nihil
226 423 395 501 relinquent
410 420 496 482 bella.
526 431 588 481 tum
606 423 697 482 uastis
712 438 783 499 ager

139 507 286 586 squalebit
302 508 391 575 aruis,
407 505 522 567 subdita
540 508 625 566 tectis
642 506 705 566 lace

138 593 214 653 altus
230 592 359 669 sepultas
375 591 482 654 obruet
498 600 601 667 gentes
617 592 700 650 cinis.

102 685 121 742 i'
181 677 289 736 Pacem
305 677 408 736 reduci
423 675 500 735 uelle
516 677 622 735 uictori
638 675 765 753 expedit,

137 763 216 822 uicto
233 778 354 821 necesse
371 769 423 820 est.
453 763 603 838 particeps
619 755 712 837 reg'no
728 761 806 819 ueni.

137 847 285 905 sociemur
302 846 415 904 animis.
445 846 553 922 pignus
569 845 626 904 hoc
641 845 709 904 fidei
726 863 808 921 cape.

117 940 120 946 ’
138 931 275 1006 continge
290 931 432 989 dextram.
453 964 489 971 —
507 929 577 1005 quid
595 931 670 989 truci
687 928 769 988 uultu
786 927 873 988 siles?

103 1023 122 1072 k
183 1026 265 1073 uno.
289 1014 391 1089 Egone
413 1019 445 1072 ut
459 1014 629 1090 parentis
644 1017 788 1092 sanguine
802 1013 975 1091 adspersam
991 1031 1048 1074 ma·

751 1116 821 1157 num

136 1183 364 1260 fratrumque
380 1182 495 1265 gentina
513 1182 603 1243 caede
620 1183 807 1258 contingam?
829 1184 912 1262 prius

137 1269 289 1344 extinguet
304 1274 401 1337 ortus,
419 1262 530 1326 re'l'eret
546 1284 668 1326 occasus
684 1268 771 1337 diern,

136 1371 192 1432 pax
210 1359 277 1411 ante
293 1352 348 1411 lida
366 1351 483 1410 niuibus
499 1359 529 1411 et
543 1350 669 1411 ssammis
685 1353 741 1413 erit

137 1444 165 1506 et
181 1434 276 1513 Scylla
293 1435 416 1495 siculum
434 1437 535 1510 iunget
549 1437 694 1496 Ausoniae
711 1436 788 1495 latus

140 1516 302 1603 [priusque
316 1523 411 1580 multo
425 1522 542 1581 uicibus
557 1523 685 1599 alternis
692 1521 800 1595 fugax

137 1606 271 1679 Europus
287 1607 371 1665 unda
385 1607 477 1665 stabit
491 1607 615 1666 euboico
625 1599 743 1688 papan]

99 1686 124 1743 k'
178 1687 281 1748 Patria
297 1687 441 1748 abstulisti
456 1706 548 1766 regna
564 1707 722 1766 germanos
736 1689 828 1749 larem

135 1780 259 1850 patrem.
290 1775 359 1849 quid
376 1772 451 1833 ultra
468 1775 530 1833 est?
552 1791 609 1833 una
626 1792 674 1834 res
690 1781 826 1852 superest
842 1776 913 1836 rnihi

136 1857 254 1918 fratre
271 1875 309 1917 ac
326 1866 482 1936 parente
504 1859 600 1917 carior
616 1876 709 1934 regno
725 1877 759 1919 ac
775 1857 846 1927 lare,
1071 1867 1104 1916 38

136 1942 235 2001 odiurn
252 1943 292 2001 tui
310 1942 388 2020 qnod
406 1960 470 2003 esse
487 1961 553 2002 curn
570 1942 680 2020 populo
697 1942 769 2001 milri

136 2044 293 2087 commune
310 2025 405 2087 doleo.
435 2045 506 2105 pars
522 2035 608 2104 quota
625 2046 660 2086 ex
676 2025 724 2111 illo
742 2046 806 2087 mea
823 2029 885 2089 est?

103 2125 120 2173 k
178 2110 379 2172 Dominare
397 2111 533 2171 tumidus.
563 2112 682 2188 spiritus
698 2110 773 2170 altos
788 2130 868 2191 gere.

136 2198 269 2274 sequitur
285 2195 471 2274 superbos
487 2194 565 2256 ullor
580 2214 596 2255 a
612 2203 696 2271 tergo
712 2197 792 2256 deus.

135 2280 521 2357 Thebananouiregna.
554 2280 888 2358 quidmalresloquar
1071 2287 1104 2337 39

134 2383 235 2444 passas
253 2374 281 2424 et
298 2384 383 2425 ausas
400 2366 528 2432 scelera,
546 2365 633 2442 qnid
656 2366 840 2443 geminum
858 2368 940 2426 nolas

134 2451 317 2526 mixtumque
335 2468 442 2509 nomen
459 2452 591 2526 coniugis
606 2451 812 2526 gnatipatris?
836 2514 839 2518 ,

99 2539 122 2596 lr‘
179 2533 273 2603 Quid
294 2532 378 2592 bina
397 2534 518 2593 lralrum
536 2541 648 2602 rastra,
665 2534 749 2613 quid
767 2534 888 2595 totidem
904 2537 1010 2613 rogos?

135 2618 213 2694 riget
229 2617 393 2694 superba
410 2616 540 2678 Tantalis
555 2617 635 2679 luctu
651 2624 758 2697 parens

202 2837 252 2887 369
271 2842 368 2887 uastas
391 2839 418 2886 V
440 2833 452 2903 11
482 2839 532 2888 372
554 2835 660 2902 reduci)
679 2838 689 2886 i
707 2839 733 2886 in
750 2853 803 2886 ros.
822 2841 897 2888 trium
920 2839 1053 2889 literarum

132 2901 170 2952 Ε2
190 2899 203 2970 l]
226 2903 510 2954 arosoeiemurn¹11
525 2906 661 2955 sociemus
679 2903 743 2954 ΑΕῗ
761 2907 860 2955 animis
873 2905 931 2955 nV
945 2907 1053 2957 animos

133 2973 158 3021 Α
179 2967 191 3037 Η
213 2974 264 3021 378
282 2972 346 3022 dies
360 2989 378 3021 α
394 2969 406 3030 ΙΙ
428 2974 479 3023 380
499 2974 611 3022 ausonio
628 2973 654 3022 V
671 2974 786 3022 ausonio
805 2975 844 3025 εΑ
861 2969 873 3039 ΙΙ
894 2975 943 3024 381
962 2976 1051 3038 prins-

134 3053 215 3103 quam
237 3038 271 3088 V¹
296 3037 308 3106 ss
335 3039 453 3101 uicibus)
473 3044 519 3091 uic
537 3046 562 3089 in
580 3056 633 3092 ros.
652 3039 688 3090 Ε2
711 3036 723 3107 Η
746 3043 1011 3092 deleuiuu.38138·z
1029 3038 1041 3108 ΙΙ

133 3110 182 3157 383
201 3111 307 3172 petrem
327 3123 351 3157 a.
365 3123 387 3160 r.
399 3123 425 3173 g.
438 3107 455 3157 l.
480 3109 600 3173 patriam
614 3110 754 3172 cupatrio
773 3125 797 3158 a.
811 3127 832 3162 r.
847 3123 872 3173 g.
884 3108 904 3159 l.
931 3114 1052 3173 putrem

132 3177 227 3240 scripsi
255 3172 266 3241 ΙΙ
296 3176 346 3227 385
365 3175 466 3238 carior)
486 3193 515 3226 or
533 3179 559 3226 in
577 3192 631 3228 roe.
651 3174 687 3224 12²
717 3179 838 3228 certior
862 3172 971 3243 Wunss
1000 3179 1051 3228 387

133 3243 232 3295 uideo
256 3245 334 3294 With.
364 3239 376 3309 ΙΙ
410 3259 443 3293 ex
460 3244 511 3294 illo
530 3244 555 3293 E
582 3261 616 3295 ex
634 3244 688 3294 icto
706 3245 761 3308 Αφ
790 3246 855 3294 idem
871 3259 1004 3310 suprascr.
1024 3246 1052 3294 r'n

133 3312 158 3361 E
196 3308 209 3380 Η
242 3315 292 3364 389
315 3313 405 3362 uictor
423 3327 444 3360 co
474 3313 554 3362 ultor
576 3312 684 3362 JBPa'uc
707 3328 756 3376 ope
779 3314 874 3364 codicia
896 3310 1051 3376 (ceredam)

133 3380 247 3431 Medicei
269 3378 281 3447 ΙΙ
304 3382 355 3432 394
373 3380 496 3446 superbo
518 3381 590 3444 Grot.
615 3377 627 3446 ll
