<?xml version="1.0" encoding="UTF-8"?>
<!DOCTYPE html PUBLIC "-//W3C//DTD XHTML 1.0 Transitional//EN"
    "http://www.w3.org/TR/xhtml1/DTD/xhtml1-transitional.dtd">
<html xmlns="http://www.w3.org/1999/xhtml" xml:lang="en" lang="en">
 <head>
  <title>
</title>
<meta http-equiv="Content-Type" content="text/html;charset=utf-8" />
  <meta name='ocr-system' content='tesseract 3.04.00' />
  <meta name='ocr-capabilities' content='ocr_page ocr_carea ocr_par ocr_line ocrx_word'/>
</head>
<body>
  <div class='ocr_page' id='page_1' title='image "./lannaeisenecaet00senegoog_0080.png"; bbox 0 0 2326 3922; ppageno 0'>
   <div class='ocr_carea' id='block_1_1' title="bbox 362 184 798 266">
    <p class='ocr_par' dir='ltr' id='par_1_1' title="bbox 362 184 798 266">
     <span class='ocr_line' id='line_1_1' title="bbox 362 184 798 266; baseline 0.016 -25"><span class='ocrx_word' id='word_1_1' title='bbox 362 195 544 244; x_wconf 79' lang='lat' dir='ltr'>nsrrcvnns</span> <span class='ocrx_word' id='word_1_2' title='bbox 568 184 732 266; x_wconf 77' lang='lat' dir='ltr'>[uranus]</span> <span class='ocrx_word' id='word_1_3' title='bbox 794 232 798 238; x_wconf 84' lang='lat'><em>.</em></span> 
     </span>
    </p>
   </div>
   <div class='ocr_carea' id='block_1_2' title="bbox 36 334 1067 1596">
    <p class='ocr_par' dir='ltr' id='par_1_2' title="bbox 84 334 827 502">
     <span class='ocr_line' id='line_1_2' title="bbox 84 334 827 416; baseline 0.007 -23"><span class='ocrx_word' id='word_1_4' title='bbox 84 336 136 412; x_wconf 90' lang='lat' dir='ltr'>qui</span> <span class='ocrx_word' id='word_1_5' title='bbox 152 334 274 395; x_wconf 79' lang='lat' dir='ltr'>aduenit</span> <span class='ocrx_word' id='word_1_6' title='bbox 289 342 319 395; x_wconf 89' lang='lat' dir='ltr'>et</span> <span class='ocrx_word' id='word_1_7' title='bbox 333 353 408 414; x_wconf 90' lang='lat' dir='ltr'>quae</span> <span class='ocrx_word' id='word_1_8' title='bbox 423 337 515 397; x_wconf 89' lang='lat' dir='ltr'>iussit.</span> <span class='ocrx_word' id='word_1_9' title='bbox 536 337 575 395; x_wconf 90' lang='lat' dir='ltr'>in</span> <span class='ocrx_word' id='word_1_10' title='bbox 590 354 702 414; x_wconf 84' lang='lat' dir='ltr'>poenas</span> <span class='ocrx_word' id='word_1_11' title='bbox 717 356 797 400; x_wconf 86' lang='lat' dir='ltr'>meas</span> <span class='ocrx_word' id='word_1_12' title='bbox 825 413 827 416; x_wconf 9' lang='grc' dir='ltr'><em>Α</em></span> 
     </span>
     <span class='ocr_line' id='line_1_3' title="bbox 85 417 763 502; baseline 0.006 -23"><span class='ocrx_word' id='word_1_13' title='bbox 85 427 176 497; x_wconf 85' lang='lat' dir='ltr'>atque</span> <span class='ocrx_word' id='word_1_14' title='bbox 191 421 221 478; x_wconf 90' lang='lat' dir='ltr'>in</span> <span class='ocrx_word' id='word_1_15' title='bbox 238 417 357 481; x_wconf 88' lang='lat' dir='ltr'>labores</span> <span class='ocrx_word' id='word_1_16' title='bbox 378 438 437 480; x_wconf 92' lang='lat' dir='ltr'>non</span> <span class='ocrx_word' id='word_1_17' title='bbox 453 422 523 480; x_wconf 86' lang='lat' dir='ltr'>satis</span> <span class='ocrx_word' id='word_1_18' title='bbox 538 429 636 482; x_wconf 85' lang='lat' dir='ltr'>terrae</span> <span class='ocrx_word' id='word_1_19' title='bbox 652 431 763 502; x_wconf 87' lang='lat' dir='ltr'>patent.</span> 
     </span>
    </p>

    <p class='ocr_par' dir='ltr' id='par_1_3' title="bbox 50 505 730 921">
     <span class='ocr_line' id='line_1_4' title="bbox 50 505 730 568; baseline 0.009 -6"><span class='ocrx_word' id='word_1_20' title='bbox 50 513 69 562; x_wconf 89' lang='lat' dir='ltr'>b</span> <span class='ocrx_word' id='word_1_21' title='bbox 131 505 253 564; x_wconf 86' lang='lat' dir='ltr'>lunonis</span> <span class='ocrx_word' id='word_1_22' title='bbox 269 505 335 565; x_wconf 91' lang='lat' dir='ltr'>odio</span> <span class='ocrx_word' id='word_1_23' title='bbox 350 505 410 564; x_wconf 92' lang='lat' dir='ltr'>uidi</span> <span class='ocrx_word' id='word_1_24' title='bbox 426 506 576 566; x_wconf 82' lang='lat' dir='ltr'>inaccessa</span> <span class='ocrx_word' id='word_1_25' title='bbox 593 507 730 568; x_wconf 88' lang='lat' dir='ltr'>omnibus</span> 
     </span>
     <span class='ocr_line' id='line_1_5' title="bbox 84 589 719 669; baseline 0.011 -23"><span class='ocrx_word' id='word_1_26' title='bbox 84 589 184 663; x_wconf 87' lang='lat' dir='ltr'>ignota</span> <span class='ocrx_word' id='word_1_27' title='bbox 200 589 322 650; x_wconf 83' lang='lat' dir='ltr'><strong>Phoebo</strong></span> <span class='ocrx_word' id='word_1_28' title='bbox 337 608 471 669; x_wconf 80' lang='lat' dir='ltr'>quaeque</span> <span class='ocrx_word' id='word_1_29' title='bbox 488 590 617 650; x_wconf 81' lang='lat' dir='ltr'><strong>deterior</strong></span> <span class='ocrx_word' id='word_1_30' title='bbox 633 590 719 669; x_wconf 86' lang='lat' dir='ltr'>polus</span> 
     </span>
     <span class='ocr_line' id='line_1_6' title="bbox 84 673 644 752; baseline 0.005 -21"><span class='ocrx_word' id='word_1_31' title='bbox 84 673 212 734; x_wconf 86' lang='lat' dir='ltr'>obseura</span> <span class='ocrx_word' id='word_1_32' title='bbox 229 675 296 733; x_wconf 89' lang='lat' dir='ltr'>diro</span> <span class='ocrx_word' id='word_1_33' title='bbox 310 676 403 752; x_wconf 88' lang='lat' dir='ltr'>spatia</span> <span class='ocrx_word' id='word_1_34' title='bbox 420 677 565 735; x_wconf 77' lang='lat' dir='ltr'><strong>concessit</strong></span> <span class='ocrx_word' id='word_1_35' title='bbox 580 676 644 745; x_wconf 86' lang='lat' dir='ltr'>Ioui</span> 
     </span>
     <span class='ocr_line' id='line_1_7' title="bbox 84 757 623 836; baseline 0.006 -19"><span class='ocrx_word' id='word_1_36' title='bbox 84 764 114 817; x_wconf 88' lang='lat' dir='ltr'>et</span> <span class='ocrx_word' id='word_1_37' title='bbox 129 759 153 816; x_wconf 94' lang='lat' dir='ltr'>si</span> <span class='ocrx_word' id='word_1_38' title='bbox 168 757 323 836; x_wconf 80' lang='lat' dir='ltr'>placerent</span> <span class='ocrx_word' id='word_1_39' title='bbox 337 759 440 819; x_wconf 79' lang='lat' dir='ltr'>tertiae</span> <span class='ocrx_word' id='word_1_40' title='bbox 456 759 623 821; x_wconf 89' lang='lat' dir='ltr'>sortisloca</span> 
     </span>
     <span class='ocr_line' id='line_1_8' title="bbox 82 845 336 921; baseline 0.008 -21"><span class='ocrx_word' id='word_1_41' title='bbox 82 860 211 919; x_wconf 83' lang='lat' dir='ltr'>regnare</span> <span class='ocrx_word' id='word_1_42' title='bbox 227 845 336 921; x_wconf 66' lang='lat' dir='ltr'>potui:</span> 
     </span>
    </p>

    <p class='ocr_par' dir='ltr' id='par_1_4' title="bbox 43 927 1067 1258">
     <span class='ocr_line' id='line_1_9' title="bbox 43 927 712 998; baseline 0.006 -12"><span class='ocrx_word' id='word_1_43' title='bbox 43 940 70 998; x_wconf 86' lang='lat' dir='ltr'>h&#39;</span> <span class='ocrx_word' id='word_1_44' title='bbox 351 927 453 988; x_wconf 82' lang='lat' dir='ltr'>Noctis</span> <span class='ocrx_word' id='word_1_45' title='bbox 468 936 606 990; x_wconf 81' lang='lat' dir='ltr'>aeternae</span> <span class='ocrx_word' id='word_1_46' title='bbox 622 929 712 990; x_wconf 81' lang='lat' dir='ltr'>chaos</span> 
     </span>
     <span class='ocr_line' id='line_1_10' title="bbox 82 1013 1067 1089; baseline 0.011 -20"><span class='ocrx_word' id='word_1_47' title='bbox 82 1018 113 1069; x_wconf 95' lang='lat' dir='ltr'>et</span> <span class='ocrx_word' id='word_1_48' title='bbox 128 1018 216 1070; x_wconf 87' lang='lat' dir='ltr'>nocte</span> <span class='ocrx_word' id='word_1_49' title='bbox 234 1013 373 1089; x_wconf 87' lang='lat' dir='ltr'>quiddam</span> <span class='ocrx_word' id='word_1_50' title='bbox 388 1014 509 1089; x_wconf 83' lang='lat' dir='ltr'>grauius</span> <span class='ocrx_word' id='word_1_51' title='bbox 524 1021 553 1074; x_wconf 85' lang='lat' dir='ltr'>et</span> <span class='ocrx_word' id='word_1_52' title='bbox 568 1016 667 1074; x_wconf 84' lang='lat' dir='ltr'>tristes</span> <span class='ocrx_word' id='word_1_53' title='bbox 683 1016 754 1075; x_wconf 89' lang='lat' dir='ltr'>deos</span> <span class='ocrx_word' id='word_1_54' title='bbox 1018 1032 1067 1081; x_wconf 81' lang='lat'>615</span> 
     </span>
     <span class='ocr_line' id='line_1_11' title="bbox 83 1096 675 1174; baseline 0.008 -20"><span class='ocrx_word' id='word_1_55' title='bbox 83 1104 114 1154; x_wconf 88' lang='lat' dir='ltr'>et</span> <span class='ocrx_word' id='word_1_56' title='bbox 130 1096 188 1156; x_wconf 86' lang='lat' dir='ltr'>iata</span> <span class='ocrx_word' id='word_1_57' title='bbox 204 1098 273 1156; x_wconf 85' lang='lat' dir='ltr'>uici.</span> <span class='ocrx_word' id='word_1_58' title='bbox 306 1104 401 1157; x_wconf 90' lang='lat' dir='ltr'>morte</span> <span class='ocrx_word' id='word_1_59' title='bbox 418 1105 585 1174; x_wconf 86' lang='lat' dir='ltr'>contempta</span> <span class='ocrx_word' id='word_1_60' title='bbox 601 1100 675 1160; x_wconf 88' lang='lat' dir='ltr'>redi.</span> 
     </span>
     <span class='ocr_line' id='line_1_12' title="bbox 83 1179 772 1258; baseline 0.006 -19"><span class='ocrx_word' id='word_1_61' title='bbox 83 1181 154 1258; x_wconf 92' lang='lat' dir='ltr'>quid</span> <span class='ocrx_word' id='word_1_62' title='bbox 171 1189 263 1240; x_wconf 87' lang='lat' dir='ltr'>restat</span> <span class='ocrx_word' id='word_1_63' title='bbox 278 1179 373 1241; x_wconf 78' lang='lat' dir='ltr'>aliud?</span> <span class='ocrx_word' id='word_1_64' title='bbox 396 1182 458 1241; x_wconf 87' lang='lat' dir='ltr'>uidi</span> <span class='ocrx_word' id='word_1_65' title='bbox 474 1189 502 1242; x_wconf 93' lang='lat' dir='ltr'>et</span> <span class='ocrx_word' id='word_1_66' title='bbox 517 1183 634 1244; x_wconf 86' lang='lat' dir='ltr'>ostendi</span> <span class='ocrx_word' id='word_1_67' title='bbox 649 1184 772 1244; x_wconf 79' lang='lat' dir='ltr'>interos</span> 
     </span>
    </p>

    <p class='ocr_par' dir='ltr' id='par_1_5' title="bbox 36 1265 863 1429">
     <span class='ocr_line' id='line_1_13' title="bbox 36 1265 863 1345; baseline 0.005 -22"><span class='ocrx_word' id='word_1_68' title='bbox 36 1279 72 1336; x_wconf 84' lang='lat' dir='ltr'>b&#39;&#39;</span> <span class='ocrx_word' id='word_1_69' title='bbox 125 1265 177 1334; x_wconf 79' lang='lat' dir='ltr'>lla,</span> <span class='ocrx_word' id='word_1_70' title='bbox 194 1267 217 1324; x_wconf 91' lang='lat' dir='ltr'>si</span> <span class='ocrx_word' id='word_1_71' title='bbox 234 1265 305 1343; x_wconf 91' lang='lat' dir='ltr'>quid</span> <span class='ocrx_word' id='word_1_72' title='bbox 321 1265 396 1326; x_wconf 87' lang='lat' dir='ltr'>ultra</span> <span class='ocrx_word' id='word_1_73' title='bbox 413 1273 465 1326; x_wconf 87' lang='lat' dir='ltr'>est.</span> <span class='ocrx_word' id='word_1_74' title='bbox 494 1268 552 1326; x_wconf 91' lang='lat' dir='ltr'>iam</span> <span class='ocrx_word' id='word_1_75' title='bbox 568 1268 618 1327; x_wconf 92' lang='lat' dir='ltr'>diu</span> <span class='ocrx_word' id='word_1_76' title='bbox 634 1271 744 1345; x_wconf 87' lang='lat' dir='ltr'>pateris</span> <span class='ocrx_word' id='word_1_77' title='bbox 759 1286 863 1329; x_wconf 92' lang='lat' dir='ltr'>manus</span> 
     </span>
     <span class='ocr_line' id='line_1_14' title="bbox 81 1351 860 1429; baseline 0.005 -21"><span class='ocrx_word' id='word_1_78' title='bbox 81 1367 201 1408; x_wconf 85' lang='lat' dir='ltr'>cessare</span> <span class='ocrx_word' id='word_1_79' title='bbox 218 1358 335 1410; x_wconf 88' lang='lat' dir='ltr'>nostras</span> <span class='ocrx_word' id='word_1_80' title='bbox 349 1351 434 1412; x_wconf 84' lang='lat' dir='ltr'>luno.</span> <span class='ocrx_word' id='word_1_81' title='bbox 463 1370 540 1429; x_wconf 85' lang='lat' dir='ltr'>quae</span> <span class='ocrx_word' id='word_1_82' title='bbox 555 1353 635 1412; x_wconf 85' lang='lat' dir='ltr'>uinci</span> <span class='ocrx_word' id='word_1_83' title='bbox 650 1352 752 1412; x_wconf 81' lang='lat' dir='ltr'>iubes?</span> <span class='ocrx_word' id='word_1_84' title='bbox 854 1413 860 1419; x_wconf 82' lang='grc'><strong>,</strong></span> 
     </span>
    </p>

    <p class='ocr_par' dir='ltr' id='par_1_6' title="bbox 139 1434 778 1512">
     <span class='ocr_line' id='line_1_15' title="bbox 139 1434 778 1512; baseline 0.003 -19"><span class='ocrx_word' id='word_1_85' title='bbox 139 1434 197 1494; x_wconf 89' lang='lat' dir='ltr'>Sed</span> <span class='ocrx_word' id='word_1_86' title='bbox 213 1434 323 1512; x_wconf 84' lang='lat' dir='ltr'>templa</span> <span class='ocrx_word' id='word_1_87' title='bbox 341 1452 433 1511; x_wconf 89' lang='lat' dir='ltr'>quare</span> <span class='ocrx_word' id='word_1_88' title='bbox 449 1435 533 1496; x_wconf 88' lang='lat' dir='ltr'>miles</span> <span class='ocrx_word' id='word_1_89' title='bbox 548 1436 671 1497; x_wconf 83' lang='lat' dir='ltr'>infestus</span> <span class='ocrx_word' id='word_1_90' title='bbox 688 1444 778 1505; x_wconf 86' lang='lat' dir='ltr'>tenet,</span> 
     </span>
    </p>

    <p class='ocr_par' dir='ltr' id='par_1_7' title="bbox 77 1515 801 1596">
     <span class='ocr_line' id='line_1_16' title="bbox 77 1515 801 1596; baseline 0.006 -20"><span class='ocrx_word' id='word_1_91' title='bbox 77 1515 232 1596; x_wconf 90' lang='lat' dir='ltr'>limenque</span> <span class='ocrx_word' id='word_1_92' title='bbox 248 1537 365 1578; x_wconf 86' lang='lat' dir='ltr'>sacrum</span> <span class='ocrx_word' id='word_1_93' title='bbox 381 1527 479 1580; x_wconf 90' lang='lat' dir='ltr'>terror</span> <span class='ocrx_word' id='word_1_94' title='bbox 495 1539 646 1581; x_wconf 89' lang='lat' dir='ltr'>armorum</span> <span class='ocrx_word' id='word_1_95' title='bbox 664 1521 801 1581; x_wconf 77' lang='lat' dir='ltr'>obsidet?</span> 
     </span>
    </p>
   </div>
   <div class='ocr_carea' id='block_1_3' title="bbox 109 1716 959 1769">
    <p class='ocr_par' dir='ltr' id='par_1_8' title="bbox 109 1716 959 1769">
     <span class='ocr_line' id='line_1_17' title="bbox 109 1716 959 1769; baseline 0.007 -8"><span class='ocrx_word' id='word_1_96' title='bbox 109 1716 354 1766; x_wconf 80' lang='lat' dir='ltr'><strong>AMPHITRYON.</strong></span> <span class='ocrx_word' id='word_1_97' title='bbox 382 1718 576 1769; x_wconf 74' lang='lat' dir='ltr'>Hnncvons.</span> <span class='ocrx_word' id='word_1_98' title='bbox 606 1720 763 1768; x_wconf 65' lang='lat' dir='ltr'>Moenus.</span> <span class='ocrx_word' id='word_1_99' title='bbox 792 1718 959 1767; x_wconf 80' lang='lat' dir='ltr'><strong>THESEVS.</strong></span> 
     </span>
    </p>
   </div>
   <div class='ocr_carea' id='block_1_4' title="bbox 38 1838 1077 2598">
    <p class='ocr_par' dir='ltr' id='par_1_9' title="bbox 38 1838 1077 2598">
     <span class='ocr_line' id='line_1_18' title="bbox 43 1838 761 1919; baseline 0.013 -25"><span class='ocrx_word' id='word_1_100' title='bbox 43 1862 60 1894; x_wconf 77' lang='lat' dir='ltr'>a</span> <span class='ocrx_word' id='word_1_101' title='bbox 124 1838 268 1900; x_wconf 82' lang='lat' dir='ltr'>Vtrumne</span> <span class='ocrx_word' id='word_1_102' title='bbox 285 1841 365 1900; x_wconf 90' lang='lat' dir='ltr'>uisus</span> <span class='ocrx_word' id='word_1_103' title='bbox 381 1849 449 1901; x_wconf 87' lang='lat' dir='ltr'>uota</span> <span class='ocrx_word' id='word_1_104' title='bbox 466 1842 663 1919; x_wconf 82' lang='lat' dir='ltr'>decipiunt</span> <span class='ocrx_word' id='word_1_105' title='bbox 678 1862 761 1904; x_wconf 90' lang='lat' dir='ltr'>meos</span> 
     </span>
     <span class='ocr_line' id='line_1_19' title="bbox 76 1921 708 1989; baseline 0.013 -9"><span class='ocrx_word' id='word_1_106' title='bbox 76 1940 115 1980; x_wconf 89' lang='lat' dir='ltr'>an</span> <span class='ocrx_word' id='word_1_107' title='bbox 130 1921 183 1982; x_wconf 89' lang='lat' dir='ltr'>ille</span> <span class='ocrx_word' id='word_1_108' title='bbox 198 1924 325 1984; x_wconf 90' lang='lat' dir='ltr'>domitor</span> <span class='ocrx_word' id='word_1_109' title='bbox 341 1925 421 1985; x_wconf 89' lang='lat' dir='ltr'>orbis</span> <span class='ocrx_word' id='word_1_110' title='bbox 437 1933 466 1986; x_wconf 90' lang='lat' dir='ltr'>et</span> <span class='ocrx_word' id='word_1_111' title='bbox 481 1927 600 1987; x_wconf 86' lang='lat' dir='ltr'>Graium</span> <span class='ocrx_word' id='word_1_112' title='bbox 618 1929 708 1989; x_wconf 84' lang='lat' dir='ltr'>decus</span> 
     </span>
     <span class='ocr_line' id='line_1_20' title="bbox 76 2006 678 2088; baseline 0.012 -24"><span class='ocrx_word' id='word_1_113' title='bbox 76 2007 155 2066; x_wconf 88' lang='lat' dir='ltr'>tristi</span> <span class='ocrx_word' id='word_1_114' title='bbox 171 2006 305 2069; x_wconf 85' lang='lat' dir='ltr'>silentem</span> <span class='ocrx_word' id='word_1_115' title='bbox 322 2009 424 2070; x_wconf 92' lang='lat' dir='ltr'>nubilo</span> <span class='ocrx_word' id='word_1_116' title='bbox 439 2010 524 2088; x_wconf 92' lang='lat' dir='ltr'>liquit</span> <span class='ocrx_word' id='word_1_117' title='bbox 539 2012 678 2073; x_wconf 76' lang='lat' dir='ltr'>domum?</span> 
     </span>
     <span class='ocr_line' id='line_1_21' title="bbox 77 2091 793 2175; baseline 0.01 -26"><span class='ocrx_word' id='word_1_118' title='bbox 77 2098 162 2150; x_wconf 89' lang='lat' dir='ltr'>estne</span> <span class='ocrx_word' id='word_1_119' title='bbox 179 2091 227 2151; x_wconf 92' lang='lat' dir='ltr'>ille</span> <span class='ocrx_word' id='word_1_120' title='bbox 243 2095 367 2153; x_wconf 76' lang='lat' dir='ltr'>natus?</span> <span class='ocrx_word' id='word_1_121' title='bbox 389 2094 524 2156; x_wconf 89' lang='lat' dir='ltr'>membra</span> <span class='ocrx_word' id='word_1_122' title='bbox 539 2094 647 2157; x_wconf 85' lang='lat' dir='ltr'>laetitia</span> <span class='ocrx_word' id='word_1_123' title='bbox 664 2106 793 2175; x_wconf 85' lang='lat' dir='ltr'>stupent.</span> 
     </span>
     <span class='ocr_line' id='line_1_22' title="bbox 38 2173 782 2251; baseline 0.016 -21"><span class='ocrx_word' id='word_1_124' title='bbox 38 2173 63 2230; x_wconf 66' lang='grc' dir='ltr'>ι’</span> <span class='ocrx_word' id='word_1_125' title='bbox 123 2175 147 2234; x_wconf 87' lang='grc'>0</span> <span class='ocrx_word' id='word_1_126' title='bbox 163 2184 275 2251; x_wconf 83' lang='lat' dir='ltr'>gnate</span> <span class='ocrx_word' id='word_1_127' title='bbox 291 2186 370 2238; x_wconf 83' lang='lat' dir='ltr'>certa</span> <span class='ocrx_word' id='word_1_128' title='bbox 387 2187 420 2238; x_wconf 85' lang='lat' dir='ltr'>ot</span> <span class='ocrx_word' id='word_1_129' title='bbox 436 2198 501 2240; x_wconf 90' lang='lat' dir='ltr'>sera</span> <span class='ocrx_word' id='word_1_130' title='bbox 517 2181 687 2242; x_wconf 87' lang='lat' dir='ltr'>Thebarum</span> <span class='ocrx_word' id='word_1_131' title='bbox 703 2182 782 2242; x_wconf 91' lang='lat' dir='ltr'>salus</span> 
     </span>
     <span class='ocr_line' id='line_1_23' title="bbox 77 2263 728 2326; baseline 0.012 -10"><span class='ocrx_word' id='word_1_132' title='bbox 77 2267 208 2320; x_wconf 82' lang='lat' dir='ltr'>teneone</span> <span class='ocrx_word' id='word_1_133' title='bbox 224 2263 357 2323; x_wconf 89' lang='lat' dir='ltr'>inauras</span> <span class='ocrx_word' id='word_1_134' title='bbox 374 2264 484 2324; x_wconf 90' lang='lat' dir='ltr'>editum</span> <span class='ocrx_word' id='word_1_135' title='bbox 500 2283 537 2325; x_wconf 92' lang='lat' dir='ltr'>an</span> <span class='ocrx_word' id='word_1_136' title='bbox 553 2285 628 2326; x_wconf 90' lang='lat' dir='ltr'>uana</span> <span class='ocrx_word' id='word_1_137' title='bbox 647 2267 728 2326; x_wconf 87' lang='lat' dir='ltr'>lruor</span> 
     </span>
     <span class='ocr_line' id='line_1_24' title="bbox 77 2343 854 2426; baseline 0.008 -24"><span class='ocrx_word' id='word_1_138' title='bbox 77 2343 262 2420; x_wconf 87' lang='lat' dir='ltr'>deceptus</span> <span class='ocrx_word' id='word_1_139' title='bbox 278 2347 403 2407; x_wconf 81' lang='lat' dir='ltr'>umbra?</span> <span class='ocrx_word' id='word_1_140' title='bbox 427 2356 496 2409; x_wconf 88' lang='lat' dir='ltr'>tune</span> <span class='ocrx_word' id='word_1_141' title='bbox 512 2351 561 2409; x_wconf 80' lang='lat' dir='ltr'>es?</span> <span class='ocrx_word' id='word_1_142' title='bbox 574 2386 613 2395; x_wconf 91' lang='lat'><em>—</em></span> <span class='ocrx_word' id='word_1_143' title='bbox 627 2367 755 2426; x_wconf 83' lang='lat' dir='ltr'>agnosco</span> <span class='ocrx_word' id='word_1_144' title='bbox 771 2358 854 2410; x_wconf 88' lang='lat' dir='ltr'>toros</span> 
     </span>
     <span class='ocr_line' id='line_1_25' title="bbox 78 2431 791 2509; baseline 0.013 -23"><span class='ocrx_word' id='word_1_145' title='bbox 78 2446 258 2509; x_wconf 87' lang='lat' dir='ltr'>umerosque</span> <span class='ocrx_word' id='word_1_146' title='bbox 275 2431 376 2492; x_wconf 86' lang='lat' dir='ltr'>etalio</span> <span class='ocrx_word' id='word_1_147' title='bbox 393 2433 521 2493; x_wconf 89' lang='lat' dir='ltr'>nobilem</span> <span class='ocrx_word' id='word_1_148' title='bbox 539 2443 644 2494; x_wconf 83' lang='lat' dir='ltr'>trunco</span> <span class='ocrx_word' id='word_1_149' title='bbox 661 2454 791 2495; x_wconf 88' lang='lat' dir='ltr'>manum.</span> 
     </span>
     <span class='ocr_line' id='line_1_26' title="bbox 43 2516 1077 2598; baseline 0.011 -31"><span class='ocrx_word' id='word_1_150' title='bbox 43 2519 60 2567; x_wconf 85' lang='lat' dir='ltr'>b</span> <span class='ocrx_word' id='word_1_151' title='bbox 121 2527 225 2577; x_wconf 71' lang='lat' dir='ltr'>Hunc.</span> <span class='ocrx_word' id='word_1_152' title='bbox 249 2516 331 2577; x_wconf 90' lang='lat' dir='ltr'>Vnde</span> <span class='ocrx_word' id='word_1_153' title='bbox 347 2519 400 2577; x_wconf 89' lang='lat' dir='ltr'>iste</span> <span class='ocrx_word' id='word_1_154' title='bbox 417 2519 532 2596; x_wconf 84' lang='lat' dir='ltr'>genitor</span> <span class='ocrx_word' id='word_1_155' title='bbox 547 2518 667 2596; x_wconf 84' lang='lat' dir='ltr'>squalor</span> <span class='ocrx_word' id='word_1_156' title='bbox 684 2529 712 2579; x_wconf 90' lang='lat' dir='ltr'>et</span> <span class='ocrx_word' id='word_1_157' title='bbox 727 2518 903 2598; x_wconf 83' lang='lat' dir='ltr'>lugubribus</span> <span class='ocrx_word' id='word_1_158' title='bbox 1013 2525 1077 2575; x_wconf 79' lang='lat'>630-</span> 
     </span>
    </p>
   </div>
   <div class='ocr_carea' id='block_1_5' title="bbox 70 2717 1059 3531">
    <p class='ocr_par' dir='ltr' id='par_1_10' title="bbox 70 2717 1059 3531">
     <span class='ocr_line' id='line_1_27' title="bbox 142 2717 994 2787; baseline 0.005 -19"><span class='ocrx_word' id='word_1_159' title='bbox 142 2721 192 2768; x_wconf 88' lang='grc'>611</span> <span class='ocrx_word' id='word_1_160' title='bbox 213 2735 321 2784; x_wconf 88' lang='lat' dir='ltr'>quaque</span> <span class='ocrx_word' id='word_1_161' title='bbox 337 2719 364 2768; x_wconf 87' lang='grc' dir='ltr'><em>Ε</em></span> <span class='ocrx_word' id='word_1_162' title='bbox 384 2734 422 2768; x_wconf 75' lang='lat' dir='ltr'>ee</span> <span class='ocrx_word' id='word_1_163' title='bbox 458 2734 525 2784; x_wconf 77' lang='lat' dir='ltr'>11qu</span> <span class='ocrx_word' id='word_1_164' title='bbox 547 2717 603 2787; x_wconf 80' lang='lat' dir='ltr'>Vfl</span> <span class='ocrx_word' id='word_1_165' title='bbox 625 2737 713 2786; x_wconf 88' lang='lat' dir='ltr'>popus</span> <span class='ocrx_word' id='word_1_166' title='bbox 731 2725 756 2772; x_wconf 85' lang='lat' dir='ltr'>in</span> <span class='ocrx_word' id='word_1_167' title='bbox 774 2721 853 2787; x_wconf 88' lang='lat' dir='ltr'>polus</span> <span class='ocrx_word' id='word_1_168' title='bbox 870 2737 939 2772; x_wconf 84' lang='lat' dir='ltr'>corr.</span> <span class='ocrx_word' id='word_1_169' title='bbox 950 2736 994 2785; x_wconf 85' lang='lat' dir='ltr'>pr.</span> 
     </span>
     <span class='ocr_line' id='line_1_28' title="bbox 74 2734 1059 2858; baseline -0.001 -21"><span class='ocrx_word' id='word_1_170' title='bbox 74 2805 106 2843; x_wconf 86' lang='lat' dir='ltr'>m.</span> <span class='ocrx_word' id='word_1_171' title='bbox 119 2788 144 2836; x_wconf 85' lang='lat' dir='ltr'><em>E</em></span> <span class='ocrx_word' id='word_1_172' title='bbox 168 2784 181 2852; x_wconf 95' lang='grc' dir='ltr'>Η</span> <span class='ocrx_word' id='word_1_173' title='bbox 203 2789 254 2838; x_wconf 83' lang='grc'>616</span> <span class='ocrx_word' id='word_1_174' title='bbox 266 2792 375 2838; x_wconf 77' lang='lat' dir='ltr'>noctem</span> <span class='ocrx_word' id='word_1_175' title='bbox 391 2785 425 2836; x_wconf 92' lang='lat' dir='ltr'>V¹</span> <span class='ocrx_word' id='word_1_176' title='bbox 440 2734 470 2858; x_wconf 47' lang='grc' dir='ltr'>ἱΗ</span> <span class='ocrx_word' id='word_1_177' title='bbox 491 2790 601 2853; x_wconf 85' lang='lat' dir='ltr'>quidem</span> <span class='ocrx_word' id='word_1_178' title='bbox 624 2791 649 2839; x_wconf 88' lang='lat' dir='ltr'><em>V</em></span> <span class='ocrx_word' id='word_1_179' title='bbox 657 2791 719 2839; x_wconf 71' lang='lat' dir='ltr'>lits</span> <span class='ocrx_word' id='word_1_180' title='bbox 736 2792 844 2841; x_wconf 82' lang='lat' dir='ltr'>Vrotisl.</span> <span class='ocrx_word' id='word_1_181' title='bbox 865 2789 995 2853; x_wconf 80' lang='lat' dir='ltr'>quiddam</span> <span class='ocrx_word' id='word_1_182' title='bbox 1055 2835 1059 2842; x_wconf 84' lang='grc'>,</span> 
     </span>
     <span class='ocr_line' id='line_1_29' title="bbox 75 2851 984 2920; baseline -0.001 -15"><span class='ocrx_word' id='word_1_183' title='bbox 75 2857 136 2905; x_wconf 67' lang='lat'>1311</span> <span class='ocrx_word' id='word_1_184' title='bbox 156 2855 247 2916; x_wconf 78' lang='lat' dir='ltr'>(sede</span> <span class='ocrx_word' id='word_1_185' title='bbox 270 2857 297 2905; x_wconf 83' lang='lat' dir='ltr'>in</span> <span class='ocrx_word' id='word_1_186' title='bbox 314 2854 420 2916; x_wconf 78' lang='lat' dir='ltr'>rasura)</span> <span class='ocrx_word' id='word_1_187' title='bbox 449 2855 461 2920; x_wconf 93' lang='grc' dir='ltr'>Η</span> <span class='ocrx_word' id='word_1_188' title='bbox 490 2857 539 2906; x_wconf 87' lang='grc'>618</span> <span class='ocrx_word' id='word_1_189' title='bbox 563 2856 618 2904; x_wconf 86' lang='lat' dir='ltr'>iarn</span> <span class='ocrx_word' id='word_1_190' title='bbox 637 2857 696 2906; x_wconf 88' lang='lat' dir='ltr'>EV</span> <span class='ocrx_word' id='word_1_191' title='bbox 719 2861 815 2920; x_wconf 76' lang='lat' dir='ltr'>tamur</span> <span class='ocrx_word' id='word_1_192' title='bbox 844 2873 911 2906; x_wconf 80' lang='lat' dir='ltr'>nam</span> <span class='ocrx_word' id='word_1_193' title='bbox 932 2871 950 2904; x_wconf 80' lang='lat' dir='ltr'>oc</span> <span class='ocrx_word' id='word_1_194' title='bbox 972 2851 984 2920; x_wconf 96' lang='grc' dir='ltr'>Η</span> 
     </span>
     <span class='ocr_line' id='line_1_30' title="bbox 74 2919 995 2988; baseline 0.003 -17"><span class='ocrx_word' id='word_1_195' title='bbox 74 2925 124 2972; x_wconf 87' lang='lat'>619</span> <span class='ocrx_word' id='word_1_196' title='bbox 147 2923 213 2986; x_wconf 88' lang='lat' dir='ltr'>quid</span> <span class='ocrx_word' id='word_1_197' title='bbox 233 2922 282 2987; x_wconf 87' lang='grc' dir='ltr'>Αφ</span> <span class='ocrx_word' id='word_1_198' title='bbox 310 2938 381 2988; x_wconf 84' lang='lat' dir='ltr'>quae</span> <span class='ocrx_word' id='word_1_199' title='bbox 398 2922 447 2986; x_wconf 88' lang='grc' dir='ltr'>Εφ</span> <span class='ocrx_word' id='word_1_200' title='bbox 477 2919 488 2988; x_wconf 99' lang='grc' dir='ltr'>Η</span> <span class='ocrx_word' id='word_1_201' title='bbox 518 2924 769 2978; x_wconf 81' lang='lat' dir='ltr'><strong>AMPHYTRION.</strong></span> <span class='ocrx_word' id='word_1_202' title='bbox 792 2924 995 2975; x_wconf 75' lang='lat' dir='ltr'>HERCVLES.</span> 
     </span>
     <span class='ocr_line' id='line_1_31' title="bbox 73 2989 991 3057; baseline 0 -18"><span class='ocrx_word' id='word_1_203' title='bbox 73 2990 235 3041; x_wconf 76' lang='lat' dir='ltr'><strong>MEGERA.</strong></span> <span class='ocrx_word' id='word_1_204' title='bbox 255 2989 430 3040; x_wconf 80' lang='lat' dir='ltr'>THESEVS.</span> <span class='ocrx_word' id='word_1_205' title='bbox 450 2989 508 3041; x_wconf 85' lang='lat' dir='ltr'>EV</span> <span class='ocrx_word' id='word_1_206' title='bbox 507 2989 515 3022; x_wconf 89' lang='lat'><strong>¹</strong></span> <span class='ocrx_word' id='word_1_207' title='bbox 533 2989 592 3056; x_wconf 79' lang='lat' dir='ltr'>(sed</span> <span class='ocrx_word' id='word_1_208' title='bbox 608 2993 649 3040; x_wconf 80' lang='lat' dir='ltr'>liic</span> <span class='ocrx_word' id='word_1_209' title='bbox 661 2991 839 3057; x_wconf 78' lang='lat' dir='ltr'>Amphitrion)</span> <span class='ocrx_word' id='word_1_210' title='bbox 858 2993 991 3057; x_wconf 80' lang='lat' dir='ltr'>Megarae</span> 
     </span>
     <span class='ocr_line' id='line_1_32' title="bbox 73 3055 944 3124; baseline 0 -16"><span class='ocrx_word' id='word_1_211' title='bbox 73 3075 161 3108; x_wconf 79' lang='lat' dir='ltr'>nomeu</span> <span class='ocrx_word' id='word_1_212' title='bbox 185 3058 258 3108; x_wconf 78' lang='lat' dir='ltr'>adest</span> <span class='ocrx_word' id='word_1_213' title='bbox 276 3058 301 3107; x_wconf 82' lang='lat' dir='ltr'><em>A</em></span> <span class='ocrx_word' id='word_1_214' title='bbox 324 3061 432 3108; x_wconf 83' lang='lat' dir='ltr'>deletum</span> <span class='ocrx_word' id='word_1_215' title='bbox 453 3075 484 3108; x_wconf 86' lang='lat' dir='ltr'>m.</span> <span class='ocrx_word' id='word_1_216' title='bbox 506 3075 560 3109; x_wconf 84' lang='lat' dir='ltr'>reo.</span> <span class='ocrx_word' id='word_1_217' title='bbox 583 3060 611 3108; x_wconf 89' lang='lat' dir='ltr'><em>V</em></span> <span class='ocrx_word' id='word_1_218' title='bbox 645 3055 656 3124; x_wconf 96' lang='grc' dir='ltr'>Η</span> <span class='ocrx_word' id='word_1_219' title='bbox 694 3061 900 3114; x_wconf 62' lang='grc' dir='ltr'>614,εἰίεη1ιιτιι</span> <span class='ocrx_word' id='word_1_220' title='bbox 925 3076 944 3109; x_wconf 87' lang='grc' dir='ltr'>α</span> 
     </span>
     <span class='ocr_line' id='line_1_33' title="bbox 72 3123 948 3193; baseline 0.003 -19"><span class='ocrx_word' id='word_1_221' title='bbox 72 3127 122 3176; x_wconf 72' lang='grc'>626</span> <span class='ocrx_word' id='word_1_222' title='bbox 151 3130 232 3176; x_wconf 79' lang='lat' dir='ltr'>certa</span> <span class='ocrx_word' id='word_1_223' title='bbox 255 3130 283 3175; x_wconf 86' lang='lat' dir='ltr'>et</span> <span class='ocrx_word' id='word_1_224' title='bbox 305 3141 369 3176; x_wconf 83' lang='lat' dir='ltr'>sora</span> <span class='ocrx_word' id='word_1_225' title='bbox 391 3142 413 3176; x_wconf 86' lang='grc' dir='ltr'><strong>ω</strong></span> <span class='ocrx_word' id='word_1_226' title='bbox 446 3130 480 3175; x_wconf 83' lang='lat' dir='ltr'>at</span> <span class='ocrx_word' id='word_1_227' title='bbox 500 3125 623 3176; x_wconf 76' lang='lat' dir='ltr'>Gruterzu</span> <span class='ocrx_word' id='word_1_228' title='bbox 659 3123 674 3193; x_wconf 90' lang='grc' dir='ltr'>Η</span> <span class='ocrx_word' id='word_1_229' title='bbox 707 3127 891 3177; x_wconf 76' lang='lat' dir='ltr'>thebanorum</span> <span class='ocrx_word' id='word_1_230' title='bbox 913 3129 948 3177; x_wconf 90' lang='lat' dir='ltr'>V¹</span> 
     </span>
     <span class='ocr_line' id='line_1_34' title="bbox 73 3193 990 3257; baseline 0 -14"><span class='ocrx_word' id='word_1_231' title='bbox 73 3195 122 3243; x_wconf 78' lang='lat'>627</span> <span class='ocrx_word' id='word_1_232' title='bbox 139 3195 281 3244; x_wconf 87' lang='lat' dir='ltr'>Verumne</span> <span class='ocrx_word' id='word_1_233' title='bbox 301 3208 383 3244; x_wconf 83' lang='lat' dir='ltr'>cerno</span> <span class='ocrx_word' id='word_1_234' title='bbox 404 3208 502 3257; x_wconf 82' lang='lat' dir='ltr'>eorpus</span> <span class='ocrx_word' id='word_1_235' title='bbox 521 3210 556 3243; x_wconf 83' lang='lat' dir='ltr'>an</span> <span class='ocrx_word' id='word_1_236' title='bbox 579 3193 663 3244; x_wconf 85' lang='lat' dir='ltr'>fallor</span> <span class='ocrx_word' id='word_1_237' title='bbox 685 3199 733 3244; x_wconf 81' lang='lat' dir='ltr'>tua</span> <span class='ocrx_word' id='word_1_238' title='bbox 753 3196 776 3244; x_wconf 83' lang='grc' dir='ltr'><em>Α</em></span> <span class='ocrx_word' id='word_1_239' title='bbox 809 3197 946 3246; x_wconf 85' lang='lat' dir='ltr'>Verumne</span> <span class='ocrx_word' id='word_1_240' title='bbox 967 3211 990 3244; x_wconf 88' lang='lat' dir='ltr'>c.</span> 
     </span>
     <span class='ocr_line' id='line_1_35' title="bbox 74 3260 994 3323; baseline -0.001 -13"><span class='ocrx_word' id='word_1_241' title='bbox 74 3277 97 3310; x_wconf 83' lang='lat' dir='ltr'>c.</span> <span class='ocrx_word' id='word_1_242' title='bbox 117 3277 153 3311; x_wconf 83' lang='lat' dir='ltr'>on</span> <span class='ocrx_word' id='word_1_243' title='bbox 184 3261 268 3311; x_wconf 83' lang='lat' dir='ltr'>fallor</span> <span class='ocrx_word' id='word_1_244' title='bbox 289 3260 462 3323; x_wconf 67' lang='lat' dir='ltr'>oronites</span> <span class='ocrx_word' id='word_1_245' title='bbox 484 3263 510 3311; x_wconf 90' lang='lat' dir='ltr'><em>V</em></span> <span class='ocrx_word' id='word_1_246' title='bbox 530 3263 661 3312; x_wconf 84' lang='lat' dir='ltr'>Teneone</span> <span class='ocrx_word' id='word_1_247' title='bbox 681 3264 709 3312; x_wconf 92' lang='lat' dir='ltr'>in</span> <span class='ocrx_word' id='word_1_248' title='bbox 729 3279 810 3314; x_wconf 83' lang='lat' dir='ltr'>auras</span> <span class='ocrx_word' id='word_1_249' title='bbox 835 3264 939 3314; x_wconf 87' lang='lat' dir='ltr'>editum</span> <span class='ocrx_word' id='word_1_250' title='bbox 959 3277 994 3310; x_wconf 82' lang='lat' dir='ltr'>an</span> 
     </span>
     <span class='ocr_line' id='line_1_36' title="bbox 72 3327 994 3396; baseline -0.002 -18"><span class='ocrx_word' id='word_1_251' title='bbox 72 3344 145 3379; x_wconf 74' lang='lat' dir='ltr'>uene</span> <span class='ocrx_word' id='word_1_252' title='bbox 170 3329 248 3380; x_wconf 86' lang='lat' dir='ltr'>fruor</span> <span class='ocrx_word' id='word_1_253' title='bbox 265 3327 496 3379; x_wconf 65' lang='lat' dir='ltr'>quadratianus</span> <span class='ocrx_word' id='word_1_254' title='bbox 514 3331 539 3378; x_wconf 90' lang='lat' dir='ltr'><em>P</em></span> <span class='ocrx_word' id='word_1_255' title='bbox 554 3346 602 3394; x_wconf 76' lang='lat' dir='ltr'>mq.</span> <span class='ocrx_word' id='word_1_256' title='bbox 625 3338 732 3396; x_wconf 82' lang='lat' dir='ltr'>aterque</span> <span class='ocrx_word' id='word_1_257' title='bbox 751 3347 839 3382; x_wconf 81' lang='lat' dir='ltr'>uersus</span> <span class='ocrx_word' id='word_1_258' title='bbox 858 3332 951 3393; x_wconf 73' lang='lat' dir='ltr'>leyttur</span> <span class='ocrx_word' id='word_1_259' title='bbox 968 3331 994 3377; x_wconf 83' lang='lat' dir='ltr'>in</span> 
     </span>
     <span class='ocr_line' id='line_1_37' title="bbox 72 3394 993 3462; baseline -0.002 -16"><span class='ocrx_word' id='word_1_260' title='bbox 72 3398 194 3448; x_wconf 77' lang='lat' dir='ltr'>Parisino</span> <span class='ocrx_word' id='word_1_261' title='bbox 213 3399 285 3448; x_wconf 79' lang='lat'><strong><em>8036</em></strong></span> <span class='ocrx_word' id='word_1_262' title='bbox 307 3395 353 3461; x_wconf 80' lang='lat' dir='ltr'>(aa</span> <span class='ocrx_word' id='word_1_263' title='bbox 370 3394 468 3462; x_wconf 67' lang='grc'>86261)</span> <span class='ocrx_word' id='word_1_264' title='bbox 492 3399 518 3446; x_wconf 80' lang='lat' dir='ltr'>in</span> <span class='ocrx_word' id='word_1_265' title='bbox 540 3414 589 3448; x_wconf 85' lang='lat' dir='ltr'>uno</span> <span class='ocrx_word' id='word_1_266' title='bbox 607 3398 744 3449; x_wconf 83' lang='lat' dir='ltr'>Mineruae</span> <span class='ocrx_word' id='word_1_267' title='bbox 769 3407 794 3449; x_wconf 83' lang='lat' dir='ltr'>et</span> <span class='ocrx_word' id='word_1_268' title='bbox 816 3413 865 3448; x_wconf 83' lang='lat' dir='ltr'>ooo</span> <span class='ocrx_word' id='word_1_269' title='bbox 884 3396 993 3458; x_wconf 79' lang='grc' dir='ltr'><strong><em>Ναροὶἰ-</em></strong></span> 
     </span>
     <span class='ocr_line' id='line_1_38' title="bbox 70 3452 399 3531; baseline 0.006 -19"><span class='ocrx_word' id='word_1_270' title='bbox 70 3472 130 3517; x_wconf 82' lang='lat' dir='ltr'>tano</span> <span class='ocrx_word' id='word_1_271' title='bbox 154 3463 166 3531; x_wconf 96' lang='grc' dir='ltr'>Η</span> <span class='ocrx_word' id='word_1_272' title='bbox 191 3469 243 3516; x_wconf 77' lang='lat'>629</span> <span class='ocrx_word' id='word_1_273' title='bbox 262 3465 318 3516; x_wconf 82' lang='lat' dir='ltr'>alte</span> <span class='ocrx_word' id='word_1_274' title='bbox 340 3467 367 3514; x_wconf 92' lang='lat' dir='ltr'><em>V</em></span> <span class='ocrx_word' id='word_1_275' title='bbox 385 3452 399 3531; x_wconf 90' lang='grc' dir='ltr'>Η</span> 
     </span>
    </p>
   </div>
   <div class='ocr_carea' id='block_1_6' title="bbox 0 0 1168 3922">
    <p class='ocr_par' dir='ltr' id='par_1_11' title="bbox 0 0 1168 3922">
     <span class='ocr_line' id='line_1_39' title="bbox 0 0 1168 3922; baseline 0 4"><span class='ocrx_word' id='word_1_276' title='bbox 0 0 1168 3922; x_wconf 95' lang='lat' dir='ltr'> </span> 
     </span>
    </p>
   </div>
  </div>
 </body>
</html>
