2326 3922
436 202 613 253 THYES'I'ES

10 329 34 381 e·
209 344 285 405 Hine
301 342 383 405 illine
397 342 528 420 grauidis
543 342 835 407 frondibusineubat
1001 366 1050 417 155
1102 404 1106 409 .

168 439 198 490 et
212 435 334 490 curuata
349 428 411 488 suis
424 425 533 489 letibus
548 436 729 490 autrannus

166 513 278 576 adludit
292 512 399 595 patulis
414 512 505 574 arbor
521 513 657 575 hiatibus.

46 673 136 766 ltin.)
165 768 182 829 d
208 683 287 826 flatze
302 681 559 827 qualpnuiatauidus
573 700 630 742 nee
644 683 761 826 ¹petituris
777 701 879 745 murae

165 776 775 932 lllllllllllllblulbliln

163 936 343 1017 inclusisque
358 937 466 997 famem
481 935 620 998 dentibus
635 935 752 1014 adligat.

46 1110 57 1144 θ
206 1105 265 1166 Sed
280 1113 353 1166 tune
367 1105 483 1166 diuitias
499 1122 587 1166 omne
602 1120 708 1166 nemus
721 1123 789 1166 suas

11 1214 14 1219 ·
163 1191 289 1251 demittit
303 1191 428 1268 propius
442 1208 590 1270 pomaque
606 1190 733 1268 desuper

162 1274 304 1336 insultant
319 1273 397 1335 loliis
411 1276 492 1336 mitia
507 1274 653 1353 languidis

162 1360 388 1440 accenduntque
403 1358 415 1418 i
420 1376 535 1421 amem
554 1378 630 1440 quae
645 1358 728 1420 iubet
742 1360 846 1420 inritas

164 1463 306 1505 exeruere
320 1461 435 1506 manus.
462 1445 516 1506 bas
531 1443 583 1506 ubi
599 1442 720 1523 protulit

163 1536 192 1590 et
206 1528 266 1590 lalli
280 1528 381 1591 libuit:
399 1534 476 1590 totus
491 1531 521 1590 in
537 1528 663 1591 arduum

164 1621 322 1676 autumnus
336 1615 452 1692 rapitur
466 1613 600 1692 siluaque
616 1612 741 1674 mobilis.

203 1782 296 1844 Instat
311 1782 416 1845 deiude
431 1783 516 1844 sitis
531 1799 591 1843 non
606 1782 702 1844 leuior
717 1783 827 1853 lame,

162 1886 219 1949 qua
234 1886 302 1928 curn
317 1867 461 1947 percaluit
477 1868 597 1947 sanguis
613 1874 641 1929 et
656 1868 749 1945 igneis

162 1954 271 2014 exarsit
287 1951 418 2014 lacibus:
436 1959 494 2014 stat
509 1955 600 2014 iniser
615 1952 721 2013 obuios

160 2036 266 2098 fluetus
281 2055 334 2098 ore
349 2045 463 2115 petens,
479 2055 553 2116 quos
567 2038 711 2116 profugus
725 2037 802 2099 latex

161 2123 267 2184 auertit
281 2121 374 2184 sterili
390 2123 531 2184 deliniens
546 2121 623 2183 uado

161 2214 375 2286 cenantemque
390 2208 472 2286 sequi
488 2207 608 2276 deserit,
625 2207 672 2268 hic
688 2205 763 2268 bibit

160 2290 249 2352 altum
266 2292 302 2353 de
317 2292 420 2371 rapide
436 2293 553 2370 gurgite
569 2291 732 2370 puluerem.

315 2448 707 2494 ***llt**

319 2574 464 2623 Arssuvs.
489 2572 676 2624 strumus

16 2696 33 2730 ι
141 2681 251 2758 lgnaue
266 2682 347 2743 iners
362 2682 482 2742 eneruis
497 2689 525 2744 et
541 2680 621 2762 quod
636 2672 796 2741 maximubr

48 2764 197 2843 probrum
213 2773 338 2845 tyranno
354 2765 445 2826 rebus
459 2768 490 2826 in
506 2767 629 2828 summis
650 2783 719 2826 reor

51 2849 163 2918 inulte,
180 2857 248 2928 post
262 2856 307 2912 tut
323 2850 436 2912 seelera
452 2857 520 2930 pust
534 2850 632 2911 fratris
648 2849 732 2912 dulos
834 2855 838 2861 '
947 2861 950 2866 ’

50 2934 156 3014 lasque
172 2951 260 2996 omne
275 2941 398 3014 ruptum
414 2935 567 3014 questibus
582 2937 667 2997 uanis
682 2936 744 3013 agis

49 3019 144 3080 iratus
159 3019 284 3082 Atreus?
307 3019 436 3082 tremere
451 3021 509 3082 iam
525 3027 604 3081 totus
619 3022 675 3082 tuis
988 3035 1036 3085 180

118 3209 169 3258 tat
186 3208 304 3259 insultat
320 3207 346 3257 E
373 3203 387 3275 ss
415 3209 464 3259 172
487 3221 592 3258 uocaus
610 3207 635 3256 A
664 3210 761 3272 petens
779 3205 849 3256 End
877 3202 890 3272 [Ι
920 3207 968 3256 175

46 3277 122 3336 finem
140 3279 262 3329 emmim
283 3275 417 3341 abreptum
438 3291 495 3327 eree
516 3277 583 3326 uidit
598 3273 724 3341 Scaliger.
762 3271 775 3342 ss
814 3272 967 3325 ATREVS.

50 3340 200 3395 SERVVS.
219 3345 245 3394 A
280 3343 433 3397 ATREVS.
456 3341 655 3397 SATELLES.
673 3342 723 3393 du
748 3339 796 3406 (sie
815 3357 867 3407 per
891 3346 968 3391 totam

37 3409 180 3478 neumam)
209 3408 222 3480 ss
251 3413 300 3464 177
318 3413 434 3548 probum
450 3412 476 3462 Ε
499 3409 512 3480 [l
536 3413 585 3463 180
602 3411 659 3462 iras
673 3415 701 3462 et
714 3408 823 3475 (netad)
836 3409 925 3474 Argos
941 3408 966 3457 Α
994 3432 995 3437 =

350 3485 438 3533 totum
456 3481 481 3530 Α
499 3485 573 3533 totus
591 3479 617 3528 Ε
639 3474 650 3546 Η

99 3596 226 3634 annuens
246 3597 329 3638 unsa.
743 3559 764 3624 5

49 3478 137 3530 iratus
151 3485 246 3532 atreus
258 3480 284 3530 Ε
311 3477 316 3546 Ι
