2326 3922
95 285 98 289 >
146 254 209 320 358
535 265 676 314 moueri

189 409 235 470 En
250 410 312 488 ipse
328 408 404 485 picta
421 413 504 466 ueste
520 404 653 466 sublimis
668 406 743 465 iacet

147 495 258 555 Priami
274 491 417 572 superbas
434 509 560 570 corpore
577 491 697 550 exuuias
712 507 828 568 gerens,

148 578 305 639 detrahere
322 576 418 637 cultus
432 595 509 636 uxor
525 573 646 636 hostiles
662 574 759 644 iubet,

147 663 271 722 induere
287 667 385 739 potius
401 662 534 738 coniugis
549 660 624 720 lidae
639 676 729 720 manu

147 755 244 808 textos
260 748 393 806 amictus,

436 829 546 890 horreo
563 836 650 908 atquc
665 829 763 889 animo
779 835 885 890 tremo.

148 933 289 992 regemne
305 916 432 993 perimet
448 914 516 974 exul
532 921 560 974 et
575 913 689 974 adulter
704 914 821 975 uirum?

148 1000 348 1067 trenorcium,
366 1001 538 1074 sanguinem
555 1006 707 1058 extremae
723 998 814 1076 dapes

148 1085 257 1143 domini
277 1083 420 1144 uidebunt
435 1091 465 1143 et
479 1101 569 1143 cruor
585 1082 697 1143 baccho
713 1082 832 1142 incidet.

189 1168 341 1228 Mortifera
356 1170 490 1229 uinctum
505 1167 636 1246 perfidae
652 1167 748 1228 tradet
763 1168 830 1226 neci

148 1252 248 1312 induta
263 1254 369 1313 uestis:
394 1255 504 1314 exitum
521 1251 659 1312 manibus
675 1257 786 1328 negant

125 1373 127 1376 >
148 1345 296 1416 caputque
312 1337 369 1397 laxi
386 1346 413 1398 et
428 1339 501 1397 inuii
517 1336 639 1397 cludunt
654 1339 744 1396 sinus.

147 1421 245 1481 haurit
261 1423 397 1482 trementi
413 1424 536 1483 senriuir
552 1423 652 1483 dextra
669 1422 744 1481 latus

147 1523 203 1565 nec
218 1508 335 1583 penitus
351 1509 424 1583 egit:
447 1505 574 1568 uulnere
589 1507 620 1565 in
636 1505 733 1566 medio
750 1512 857 1582 stupet.

189 1592 226 1650 at
240 1588 288 1650 ille
303 1597 335 1649 ut
350 1592 415 1652 altis
430 1591 562 1668 hispidus
578 1590 659 1650 siluis
674 1607 746 1666 aper

149 1693 214 1734 curn
233 1693 315 1735 casse
329 1677 447 1736 uinctus
463 1683 587 1754 temptat
603 1692 739 1752 egressus
754 1682 853 1734 tamen

148 1767 283 1838 artatque
298 1770 380 1821 motu
397 1760 493 1822 uincla
511 1769 539 1821 et
554 1761 701 1819 incassum
718 1759 806 1830 lurit,

148 1839 229 1922 o'upit
244 1844 370 1906 [luentes
384 1845 516 1923 undique
533 1853 562 1906 et
577 1862 681 1905 caecos
696 1845 778 1905 sinus

148 1928 274 1990 disicere
290 1937 319 1990 et
334 1930 449 1990 hostem
466 1931 580 2010 quaerit
593 1929 742 2005 inplicitus
757 1946 852 1990 suum.

189 2015 291 2074 Armet
305 2013 428 2093 bipenni
443 2015 587 2093 Tyndaris
603 2013 738 2073 dextram
754 2013 856 2073 furens

149 2098 300 2177 qualisque
317 2098 352 2158 ad
368 2117 434 2159 aras
449 2099 523 2159 colla
539 2107 693 2159 taurorum
710 2102 776 2174 ptus

150 2183 283 2260 designat
298 2183 391 2244 oculis
406 2194 473 2244 ante
490 2202 577 2262 quam
593 2182 673 2242 ferro
689 2189 784 2259 petat:

150 2269 193 2327 sio
208 2268 265 2327 huc
281 2277 310 2328 et
326 2267 393 2328 illuc
408 2269 519 2348 inpiam
534 2267 623 2327 librat
638 2284 768 2327 manum.

147 2352 251 2423 habet,
269 2362 422 2432 peractum
438 2360 491 2413 est.
523 2352 632 2431 pendet
647 2355 752 2428 exigua
769 2351 847 2411 male

146 2445 234 2515 caput
249 2446 431 2516 amputatum
448 2443 532 2514 parte
549 2445 577 2496 ct
591 2438 661 2496 hino
677 2445 783 2496 trunco
799 2453 890 2498 cruor
1089 2442 1135 2491 966

147 2521 290 2589 exundat,
307 2521 388 2582 illino
405 2541 456 2582 ora
472 2540 540 2582 curn
556 2521 675 2581 fremitu
690 2521 797 2580 iacent.

188 2604 324 2665 Nondum
341 2608 493 2667 recedunt.
511 2605 559 2667 ille
573 2608 632 2667 iam
649 2605 783 2666 exanime
798 2608 905 2684 inpetit

146 2688 314 2767 laceratque
330 2709 453 2769 corpus,
470 2690 517 2750 illa
534 2691 694 2751 fodientem
712 2688 845 2760 adiuuat,
1020 2706 1043 2750 r.
1058 2704 1129 2747 curu

147 2780 272 2850 uterque
289 2782 368 2835 tanto
384 2775 496 2836 scelere
512 2775 673 2854 respondet
688 2776 764 2836 suis:

149 2866 192 2918 est
207 2858 255 2918 hic
271 2859 419 2937 Thyestae
435 2871 542 2936 gnatus
557 2861 631 2921 haec
645 2858 774 2920 Helenae
790 2878 886 2920 soror.
1085 2869 1130 2920 965

147 2950 204 3002 stat
221 2963 289 3004 eece
305 2945 391 3004 Titan
409 2944 515 3005 dubius
531 2946 653 3006 emerito
670 2944 716 3004 die

149 3045 240 3087 suane
256 3038 356 3089 currat
371 3048 408 3089 an
424 3030 554 3109 thyestea
570 3033 628 3090 uia.

742 3242 754 3269 θ

216 3285 265 3334 937
284 3284 321 3332 Et
338 3301 360 3333 ω
377 3285 425 3333 En
444 3284 520 3332 NHr.
543 3279 556 3349 ll
579 3286 628 3334 945
646 3282 758 3349 perfiddr
775 3282 810 3332 E¹
834 3281 846 3349 ll
869 3285 921 3335 946
943 3290 1034 3353 negat
1050 3302 1072 3336 ω

150 3357 265 3415 negant
283 3353 358 3400 NHs.
380 3348 391 3417 ll
414 3353 463 3402 947
482 3351 553 3400 inuli
569 3352 594 3400 E
612 3352 683 3400 inuii
700 3353 726 3401 A
746 3347 758 3416 ll
778 3353 828 3401 949
847 3352 905 3417 egit
924 3351 949 3401 E
968 3354 1071 3420 agitur

152 3417 238 3481 adigit
255 3420 280 3468 Α
305 3416 316 3484 Η
339 3421 388 3469 956
407 3422 482 3482 prius
500 3436 521 3468 ω
540 3420 611 3484 pius
629 3421 769 3469 ascensius
791 3415 804 3484 [l
828 3420 877 3470 962
898 3421 1030 3487 exanimo
1047 3421 1072 3470 E

148 3487 305 3538 exanimem
324 3486 374 3555 All
385 3487 456 3554 petit
473 3503 494 3537 ω
512 3487 628 3552 impetit
645 3487 721 3539 Nlla.
739 3483 751 3552 ll
769 3487 819 3537 965
837 3488 887 3538 Est
905 3487 952 3538 hio
973 3489 1000 3538 Ε
1018 3489 1072 3539 Hic

143 3560 186 3606 est
204 3558 233 3608 A
244 3554 257 3626 Η
270 3558 401 3626 Thyeste
421 3557 474 3608 ΕΑ
490 3555 644 3621 Thyestae
663 3551 782 3617 (troph
