2326 3922
349 165 533 246 nuacvnus
558 186 723 268 [nunnus]

274 337 378 399 Pastor
395 336 490 415 golida
507 356 579 398 cana
594 341 700 416 pruina

233 441 323 500 grege
339 423 459 483 dimisso
475 423 584 501 pabula
601 427 705 503 carpit.

232 506 305 566 ludit
319 515 404 584 prato
420 506 496 568 liber
511 514 613 585 aperto
642 548 648 553 -

231 593 362 653 nondum
379 597 466 670 rupta
482 592 581 652 ironte
595 594 751 656 iuuencos.

231 695 342 737 uacuae
357 684 498 755 reparant
512 677 605 738 ubera
620 687 740 745 matres.
829 665 841 689 ⁹

233 768 312 821 errat
328 778 418 821 cursu
435 759 509 822 leuis
524 764 638 823 incerto
709 768 713 774 '

231 844 313 906 molli
328 843 465 922 petulans
480 845 593 907 haedus
608 849 640 906 in
654 846 748 908 herba

272 997 385 1059 Pendet
400 1016 515 1059 summo
533 998 657 1059 stridula
672 1017 757 1060 rarno

229 1169 399 1246 pennasque
414 1185 494 1227 nouo
509 1168 628 1228 tradere
644 1168 700 1229 soli

230 1253 318 1328 gestit
333 1251 471 1330 querulos
484 1254 563 1312 inter
579 1252 664 1312 nidos

229 1335 342 1396 thracia
358 1334 464 1414 paelex

231 1421 376 1498 turbaque
392 1423 472 1482 circa
488 1421 611 1482 coniusa
627 1431 713 1482 sonat

229 1523 383 1566 murmure
398 1507 490 1566 rnixto
507 1511 613 1567 testata
629 1506 717 1567 diem.

233 1585 388 1672 [carbasa]

272 1743 371 1803 Credit
386 1741 492 1802 dubius
506 1744 606 1802 nauita
623 1741 731 1823 [uitae]
748 1745 844 1804 uentis

229 1825 312 1886 laxos
327 1843 400 1887 aura
417 1825 583 1903 complente
598 1829 690 1889 sinus.

229 1910 278 1970 hic
294 1911 389 1970 exesis
404 1911 539 1990 pendens
555 1911 684 1990 scopulis

230 2003 280 2055 aut
295 1994 436 2074 deceptos
451 1996 570 2057 instruit
586 1997 690 2057 hamos

230 2086 279 2138 aut
293 2097 456 2157 suspensus

230 2170 344 2242 spectat
358 2183 462 2244 pressa
477 2166 609 2243 praemia
625 2165 735 2226 dextra.

231 2249 319 2308 sentit
334 2247 492 2310 tremulum
508 2248 585 2310 linea
601 2252 724 2328 piscem„

267 2400 352 2462 Haeo
367 2403 512 2462 innocuae
529 2402 636 2481 quibus
653 2410 698 2464 est
712 2404 789 2463 uitae

230 2484 385 2562 tranquilla
401 2489 486 2567 quies

232 2577 262 2630 et
275 2570 351 2631 laeta
366 2589 421 2630 suo
436 2589 591 2650 paruoque
608 2572 721 2634 [ionius.

230 2653 350 2715 turbine
365 2672 472 2732 magno
488 2675 557 2734 spes
572 2658 697 2717 inmanis
715 2652 793 2740 [spes
807 2655 967 2742 sollicitae]

229 2738 353 2799 urbibus
369 2748 471 2800 errant
486 2741 652 2820 trepidique
669 2751 771 2802 metus.

141 2900 243 2956 postu.
264 2892 313 2940 146
330 2907 430 2942 uersam
448 2895 576 2943 excidisse
595 2895 693 2942 conieci
714 2890 725 2957 Η
756 2896 804 2943 150
823 2893 897 2943 circa
915 2894 940 2941 E
946 2894 993 2944 Vir*

63 2960 176 3010 triton
202 2961 343 3009 circumA
367 2956 379 3026 l]
404 2962 452 3010 152
472 2962 520 3011 153
539 2960 665 3010 Carbasa
681 2962 773 3010 uentis
792 2961 896 3013 c.d.n.
915 2963 993 3011 uitae

64 3046 88 3079 ω
109 3030 350 3090 interpretamentis
368 3029 407 3077 bis
430 3028 555 3077 Carbasa
573 3035 599 3078 et
624 3028 700 3076 uitae
720 3030 810 3078 deletis
837 3029 928 3079 uentis
946 3047 993 3080 suo

65 3099 128 3146 loco
148 3096 253 3144 restitui
280 3092 293 3160 ΙΙ
322 3096 372 3144 154
390 3111 457 3145 auro
477 3112 498 3160 φ
522 3093 533 3161 ΙΙ
558 3095 727 3145 1591inaam
744 3095 778 3144 V¹
797 3098 902 3162 apicem
918 3097 952 3147 V¹
969 3095 981 3163 ll

65 3158 120 3212 162
142 3163 205 3212 add.
218 3176 283 3227 spes
302 3163 358 3211 iam
370 3163 479 3227 magnis
491 3163 599 3227 EdEPp
617 3179 679 3228 spes
693 3165 748 3213 iam
762 3166 852 3229 magis
871 3168 912 3215 uel
929 3181 993 3230 spes

64 3231 125 3281 iam
140 3229 169 3278 in
187 3229 264 3294 agris
280 3230 306 3279 V
327 3231 383 3279 iam
400 3245 464 3294 spes
477 3232 566 3295 magis
581 3229 615 3280 1'2
637 3234 747 3296 apesin
766 3233 873 3298 mugnis
889 3233 910 3282 G
928 3248 992 3296 spes

64 3299 95 3347 in
116 3298 196 3362 agris
208 3298 233 3348 a
256 3298 312 3346 iam
324 3312 388 3362 spes
400 3298 429 3347 in
442 3298 517 3363 agris
529 3299 600 3363 Mop.
624 3315 687 3364 spes
701 3305 728 3350 et
741 3302 769 3349 in
788 3302 863 3365 agris
876 3301 900 3348 Α
926 3314 992 3362 spes

65 3366 223 3415 immanes
241 3364 352 3415 BScbm.
383 3381 447 3430 spes
470 3368 590 3416 inmanis
606 3369 700 3431 scripsi
722 3375 747 3417 et
766 3368 915 3431 transposui
931 3371 991 3428 post

64 3435 180 3483 11163ο
204 3428 217 3498 ΙΙ
242 3433 291 3483 163
309 3431 454 3483 cflouvs
473 3435 498 3482 Α
524 3435 646 3485 Turbine
660 3451 759 3500 magno
774 3449 837 3500 spes
851 3431 991 3482 sollicitae

64 3502 91 3550 A
111 3517 162 3551 om.
176 3500 240 3563 naq
257 3501 353 3566 aliquot
372 3502 436 3552 Pau.
456 3500 491 3551 E¹
510 3505 595 3554 adcor.
615 3507 641 3552 in
659 3519 705 3565 mp.
727 3501 771 3554 [¹2².
801 3505 866 3552 idem
883 3506 943 3550 ante
965 3518 992 3552 u.
