2326 3922
488 193 636 241 OEDIPVS

147 332 288 394 Subsedit
304 333 400 392 omnis
415 331 488 392 silua
505 340 533 392 et
549 334 642 394 erexit
658 351 765 394 comas.

105 418 217 478 duxere
233 419 325 478 rimas
339 416 447 476 robora
464 423 494 477 et
507 423 601 477 totum
618 435 722 478 nemus

105 503 255 563 concussit
269 501 393 570 horror,
412 509 513 562 terra
529 519 565 562 se
580 511 683 563 retro
699 504 802 563 dedit

104 588 277 666 gemuitque
293 588 427 665 penitus:
451 587 514 646 siue
530 589 668 664 temptari
684 587 816 647 abditum

104 671 242 732 Acheron
257 670 437 750 protundum
454 677 552 731 mente
568 689 628 731 non
644 689 737 750 aequa
754 670 818 731 tulit

103 758 166 816 siue
181 758 245 835 ipsa
261 754 362 824 tellus,
379 762 412 815 ut
427 755 512 816 daret
527 756 636 816 iunctis
652 759 745 826 uiam,

103 858 237 920 conpage
252 847 339 919 rupta
355 839 452 901 sonuit
469 847 519 900 aut
533 840 575 900 ira
592 841 694 900 lurens

103 926 212 1003 triceps
229 933 348 985 catenas
363 924 512 985 Cerberus
528 926 620 984 mouit
634 941 751 1002 graues.

87 1007 91 1023 '
144 1009 250 1070 Subito
267 1008 431 1069 dehiscit
446 1017 547 1071 terra
564 1017 593 1069 et
607 1011 741 1070 inmenso
757 1011 822 1071 sinu

103 1092 198 1155 laxata
214 1096 317 1173 patuit.
348 1094 412 1170 ipse
427 1101 580 1172 torpentes
594 1093 676 1154 lacus

103 1179 160 1238 uidi
177 1180 255 1238 inter
272 1177 406 1248 umbrae,
423 1179 485 1255 ipse
501 1176 644 1256 pallentes
659 1178 730 1240 deos

104 1271 282 1341 noctemque
298 1280 409 1323 ueram.
441 1262 555 1341 gelidus
570 1264 599 1322 in
616 1265 701 1323 uenis
716 1267 796 1324 stetit

104 1346 258 1426 haesitque
273 1349 401 1424 sanguis.
432 1363 520 1408 saeua
536 1347 672 1426 prosiluit
687 1348 795 1408 cohors

105 1440 130 1491 et
143 1432 226 1492 stetit
242 1434 271 1493 in
287 1433 378 1492 armis
393 1450 481 1492 omne
497 1433 650 1509 uipereum
666 1450 760 1511 genus

105 1517 226 1577 iratrum
243 1525 383 1577 cateruae
398 1516 486 1577 dente
502 1516 621 1576 diroaeo
637 1524 717 1578 satae

105 1601 282 1680 cnidumque
297 1601 400 1680 populi
416 1602 507 1679 pestis
523 1603 618 1680 ogygii
634 1601 755 1662 malum.

87 1681 95 1738 l'
140 1685 219 1747 Tum
236 1695 321 1745 torua
339 1685 444 1765 Erinys
458 1688 558 1745 sonuit
573 1692 601 1746 et
617 1704 723 1746 caecus
738 1687 822 1746 luror

105 1769 268 1848 horrorque
285 1778 314 1829 et
328 1788 386 1831 una
402 1770 542 1850 quioquid
558 1778 696 1831 aeternae
713 1780 815 1831 creant

106 1854 257 1932 celantque
272 1854 429 1915 tenebrae:
452 1853 550 1915 luctus
565 1854 697 1916 auellens
713 1874 828 1917 comam

105 1956 249 2018 aegreque
265 1939 374 1999 lassum
391 1939 540 2000 sustinens
555 1940 678 2000 morbus
693 1949 781 2018 caput
827 2000 828 2004 ,

105 2026 199 2100 grauis
215 2032 354 2084 senectus
369 2024 485 2084 sibimet
501 2031 530 2084 et
544 2025 679 2102 pendens
695 2034 799 2085 metus.

87 2104 104 2160 l'
139 2108 201 2169 Nos
216 2107 303 2187 liquit
318 2109 443 2168 animus.
475 2111 537 2187 ipsa
554 2127 630 2188 quae
645 2111 718 2169 ritus
734 2112 814 2170 senis

104 2201 236 2272 artesque
254 2201 356 2262 norat,
374 2193 494 2271 stupuit.
526 2194 691 2271 intrepidus
706 2212 815 2272 parens

103 2277 254 2356 audaxque
270 2277 378 2336 damno
393 2285 538 2337 conuocat
553 2277 626 2337 llitis
641 2279 696 2338 leri

103 2379 233 2439 exangue
250 2361 368 2439 uulgus.
399 2360 466 2422 ilico
482 2369 516 2422 ut
530 2361 657 2423 nebulae
671 2361 753 2423 leues

102 2445 221 2507 uolitant
237 2452 267 2506 et
282 2464 370 2506 auras
386 2444 481 2506 libero
497 2446 578 2506 caelo
593 2447 724 2507 trabunt.

140 2530 217 2590 Non
233 2538 289 2591 tot
305 2530 431 2591 caducas
446 2531 553 2592 educat
570 2531 690 2591 frondes
705 2532 783 2611 Eryx

102 2631 162 2674 nco
178 2632 253 2675 uere
269 2614 358 2676 flores
373 2614 466 2694 Hybla
482 2622 537 2676 tot
552 2615 649 2676 medio
666 2624 760 2686 creat,

102 2715 163 2758 cum
181 2717 307 2759 examen
323 2707 389 2760 atro
405 2702 532 2760 nectitur
548 2701 672 2761 densum
689 2700 792 2777 globo,
1028 2713 1080 2761 615

102 2781 266 2861 ductusque
280 2802 352 2844 non
368 2791 422 2843 tot
437 2786 545 2862 trangit
561 2786 671 2845 ionium
688 2803 778 2845 mare.

87 2859 91 2875 ’
139 2869 161 2928 N
170 2886 212 2928 ec
229 2877 335 2950 tanta
348 2868 437 2946 gelidi
453 2870 618 2948 Strymonis
635 2871 750 2947 lugiens
766 2871 859 2930 minas

107 3035 299 3044 5——

160 3139 212 3187 687
232 3153 326 3188 eomas
344 3138 369 3187 E
402 3154 507 3189 comam
526 3140 550 3188 Α
580 3135 592 3203 Η
621 3141 670 3189 590
689 3139 810 3189 obditum
829 3156 848 3189 α
865 3150 986 3206 ενΜΗρ.
1005 3139 1013 3208 Η

101 3203 144 3252 ssd
160 3209 307 3277 torpentes
324 3205 404 3256 lacus
422 3207 447 3256 E
464 3207 603 3271 pollentes
625 3207 691 3256 deos
711 3207 735 3256 Α
765 3203 776 3272 Η
805 3209 854 3258 697
872 3209 1012 3274 pallentes

101 3268 158 3321 deos
171 3271 198 3321 E
216 3277 361 3338 torpentes
374 3274 452 3323 laone
466 3274 490 3323 Α
502 3270 514 3340 Η
526 3276 575 3326 598
589 3275 668 3324 stetit
680 3282 703 3337 ψ
715 3271 727 3339 Η
739 3275 788 3325 603
801 3275 869 3324 Tum
882 3281 976 3338 totam
997 3277 1010 3338 Η

101 3339 143 3386 666
160 3339 267 3390 lassum
284 3340 334 3405 Εψ
352 3341 459 3406 lapsum
478 3342 502 3391 A
532 3337 544 3408 Η
573 3341 732 3406 sustinetur
761 3339 773 3408 Η
801 3343 850 3393 613
869 3344 943 3406 Eryx
960 3342 1010 3390 EA

102 3403 185 3457 Ostha
203 3411 245 3458 nel
264 3409 328 3459 etha
346 3413 387 3459 uel
409 3409 559 3473 Oetheanp
588 3407 600 3475 Η
629 3409 678 3459 616
701 3409 757 3459 alto
776 3427 797 3459 ω
826 3415 899 3460 atro
918 3411 1015 3474 scripsi

103 3479 163 3524 arto
183 3471 314 3542 61111616
332 3476 423 3528 ionius
442 3472 489 3543 ΕΗ
501 3479 549 3528 617
566 3478 726 3542 strynnonis
746 3474 798 3548 ΕΗ
842 3485 846 3494 “
