2326 3922
479 226 629 274 onnievs
945 171 1007 275 211

92 369 202 445 sceptri
217 367 386 428 redundent
402 364 499 427 cuitus
515 365 673 445 opulentae
690 366 789 445 (tapes.

91 453 197 513 donata
215 451 313 512 multis
329 453 422 530 gratia
439 457 539 511 nostra
554 451 643 511 salus.
1028 464 1077 512 705

135 537 213 609 Quid
229 545 288 597 tarn
303 536 407 597 beatae
423 537 528 597 desse
543 536 680 596 fortunae
695 537 780 596 rear?

135 635 219 682 ecl).
250 621 336 692 Quod
366 621 460 681 dest:
491 621 620 681 secunda
648 619 844 680 nonohabent
870 637 1010 697 umquam

651 705 781 791 modurn.

87 806 90 832 ³
142 805 196 852 cn.
222 791 373 869 Incognita
388 791 477 868 igitur
493 797 525 849 ut
541 807 651 851 nocens
668 808 755 850 causa
771 789 891 849 cadam?

91 889 173 937 Onu.
202 893 273 935 num
291 878 368 936 ratio
383 873 470 935 uobis
485 875 598 934 reddita
616 881 660 933 est
675 875 753 935 uitae
769 874 872 934 ureae?

91 980 162 1022 num
179 960 278 1021 audita
298 978 386 1020 causa
401 965 446 1020 est
461 966 561 1019 nostra
579 959 729 1020 Tiresiae?
753 967 850 1018 tarneu
1028 971 1078 1019 710

91 1054 193 1106 sontes
210 1044 354 1105 uidemur.
385 1045 479 1104 facitis
495 1042 678 1121 exemplum:
703 1060 822 1123 sequor.

138 1144 192 1190 cn.
217 1129 293 1200 Quid
310 1131 334 1188 si
349 1130 491 1189 innocens
507 1129 590 1188 sum?

91 1228 173 1275 0771).
610 1212 723 1273 dorbia
739 1231 794 1290 pro
811 1212 899 1290 certis
915 1209 1011 1271 solent

91 1302 228 1359 timere
244 1315 340 1375 reges.

91 1397 144 1444 cn.
373 1383 422 1460 qui
438 1389 528 1460 pauet
543 1401 636 1442 uanos
652 1389 785 1450 metus,

91 1485 181 1528 ueros
200 1474 343 1528 meretur.

92 1566 175 1613 OED.
382 1553 514 1631 quisquis
528 1551 662 1629 inculpa
677 1553 748 1621 fuit,

91 1639 230 1698 dimissus
247 1636 307 1696 odit
322 1654 410 1697 omne
425 1637 503 1715 quod
520 1635 670 1696 dubium
688 1645 780 1714 putat.
1028 1648 1078 1696 715

137 1735 190 1781 cu.
217 1721 267 1780 Sic
283 1721 361 1780 odia
378 1721 460 1782 fiunt.
746 1719 749 1723 ’

92 1819 174 1866 ont).
487 1806 568 1866 odia
585 1807 634 1883 qui
649 1805 772 1865 nirniuun
791 1806 896 1864 timet

91 1908 220 1970 regnare
236 1891 338 1950 nescit.
369 1891 461 1968 regna
478 1891 604 1951 custodit
620 1908 647 1949 nr
659 1897 748 1949 etus.

91 1990 143 2038 cn.
169 1976 220 2053 qui
235 1982 351 2052 sceptra
368 1976 442 2035 duno
459 1993 566 2036 saeuus
582 1976 706 2051 imperio
723 1975 814 2052 regit,

91 2063 198 2120 timet
215 2061 350 2121 timentis.

91 2146 164 2205 Oed.
387 2151 507 2204 metus
522 2146 552 2204 in
569 2152 720 2204 auctorem
737 2143 822 2203 redit.

133 2230 258 2289 Seruate
273 2236 386 2289 sontern
403 2247 491 2289 saxeo
508 2228 654 2290 inclusum
671 2246 770 2305 specu.

88 2315 153 2393 ipse
170 2313 206 2373 ad
223 2321 345 2391 penates
360 2315 458 2391 regios
474 2313 602 2374 reserant
619 2313 753 2388 gradum.

88 2484 296 2492 ——-—-——-

159 2586 208 2635 707
232 2583 312 2646 Quod
331 2583 364 2634 de
384 2581 398 2632 ἒ
415 2583 440 2632 Ε
469 2583 548 2635 deest
569 2585 643 2634 Vrat.
662 2601 692 2634 m.
710 2599 762 2636 rec.
794 2584 871 2647 Quod
890 2598 935 2633 res
954 2583 978 2632 A
997 2581 1006 2649 d

87 2686 212 2736 secunda
230 2687 255 2736 E
281 2686 462 2736 secundaeA
493 2682 504 2752 11
534 2687 582 2736 711
606 2661 807 2752 utaequ31E1
837 2683 848 2751 Η
883 2688 934 2736 714
952 2701 1007 2736 me·

87 2761 166 2804 retur
183 2754 209 2803 E
239 2755 344 2804 fatetur
362 2756 387 2804 A
416 2751 427 2821 11
457 2755 506 2804 715
529 2768 607 2803 omne
632 2752 729 2817 0711170
758 2751 770 2821 U
800 2755 872 2818 quod
895 2755 1008 2804 obuium

87 2820 173 2872 beat
196 2822 222 2870 E
252 2821 324 2885 quod
347 2823 458 2872 dubium
481 2825 561 2886 putat
584 2822 609 2870 A
646 2823 717 2885 quod
742 2823 853 2871 dubium
877 2826 933 2882 esi,
964 2826 1009 2871 eat

87 2891 172 3008 ί(110]00..
207 2886 212 3022 ΙΙ
241 2892 290 2940 719
308 2890 426 2942 Creontis
443 2897 501 2939 runt
519 2906 540 2938 ω
569 2888 666 2954 Oedipo
685 2893 745 2941 dedi
774 2887 785 2957 Η
814 2890 966 2940 7700711).
986 2905 1007 2938 ω

104 2975 171 3008 cem
