2326 3922
121 270 128 283 s
161 219 203 284 84
441 230 472 279 a.
490 231 621 279 anunm
637 229 795 279 sansone

161 373 264 434 haeret
278 371 394 451 palude.
424 369 490 431 talis
505 378 549 430 est
565 371 646 431 dirae
662 370 759 449 Stygis

162 458 304 520 deformis
320 456 398 527 unda
414 473 489 534 quae
505 455 575 516 lacit
590 455 671 516 caelo
688 455 787 515 tidem.

203 543 257 602 llic
273 548 361 602 nocte
377 559 463 602 caeca
479 558 599 617 gemere
614 539 714 600 feralis
729 539 801 599 deos

161 629 238 688 lama
254 634 312 695 est,
331 626 442 686 catenis
457 624 541 684 lucus
557 625 688 684 excussis
703 631 790 684 sonat

160 710 332 790 ululantque
349 727 460 770 manes
494 709 633 787 quicquid
650 708 752 768 audire
769 715 814 769 est
828 715 935 778 metus,

160 795 220 857 illic
237 796 367 856 uidetur:
385 801 466 856 errat
481 795 608 871 antiquis
624 801 709 853 uetus

161 882 266 941 emissa
282 880 376 940 bustis
392 878 478 939 turba
495 885 525 938 et
539 876 680 938 insultant
694 877 760 938 loco

163 966 275 1025 maiora
293 965 369 1023 notis
384 970 531 1030 monstra,
549 963 619 1040 quin
637 968 696 1023 tota
711 960 788 1023 solet

161 1051 271 1109 micare
289 1047 363 1108 silua
378 1047 496 1107 flamma
512 1053 541 1106 et
556 1046 690 1107 excelsae
704 1046 806 1107 trabes

161 1138 264 1194 ardent
281 1133 344 1192 siue
360 1133 437 1210 igne.
469 1149 557 1209 saepe
573 1130 680 1191 latratu
695 1148 803 1192 nemus

161 1219 240 1277 trino
256 1219 393 1295 remugit,
410 1233 498 1294 saepe
513 1215 678 1276 simulacris
694 1215 798 1276 domus

56 1353 59 1360 .
161 1304 283 1363 attonita
299 1303 423 1379 magnis.

456 1386 518 1446 Nec
533 1386 595 1445 dies
610 1385 694 1445 sedat
708 1392 829 1455 metum,
950 1454 955 1462 ,

162 1490 221 1531 nox
236 1472 358 1549 propria
373 1469 439 1530 luco
456 1478 501 1530 est
515 1478 545 1530 et
559 1469 729 1548 superstitio
744 1470 872 1530 interum

160 1557 190 1613 in
207 1554 272 1614 luce
289 1554 386 1614 media
401 1563 514 1632 regnat.
545 1554 614 1614 hinc
630 1554 783 1615 orantibus
828 1577 836 1587 ·

162 1657 306 1717 responsa
322 1639 430 1699 dantur
446 1648 535 1708 certa,
552 1657 618 1699 cum
635 1640 747 1717 ingenti
762 1656 837 1700 sono

160 1724 296 1784 laxantur
311 1724 397 1802 adyto
412 1723 471 1784 lata
487 1731 516 1785 et
530 1724 656 1801 inmugit
670 1741 778 1801 specus

156 1826 266 1868 uocem
282 1809 338 1869 deo
354 1807 497 1869 soluente.
529 1827 588 1886 quo
603 1816 758 1887 postquam
775 1808 878 1868 furens

163 1895 287 1953 intrauit
302 1894 408 1954 Atreus
424 1893 535 1954 liberos
549 1895 650 1953 fratris
665 1891 804 1953 trahens:

164 1987 308 2038 ornantur
323 1996 401 2038 arae.
432 1980 497 2057 quis
512 1987 601 2057 queat
616 1977 706 2055 digne
722 1977 839 2055 eloqui?

127 2057 152 2113 d'
207 2063 277 2122 Post
292 2070 375 2140 terga
389 2064 528 2122 iuuenum
546 2061 659 2122 nobiles
675 2069 797 2122 reuocat
812 2080 917 2123 manus

161 2153 189 2205 et
204 2153 313 2208 maesta
330 2148 402 2207 uitta
417 2148 511 2226 capita
527 2164 678 2225 purpurea
693 2145 773 2224 ligat.

161 2248 217 2290 non
236 2237 301 2292 tura
317 2232 431 2302 desunt,
449 2249 508 2291 non
524 2249 609 2292 sacer
624 2231 728 2291 bacchi
743 2229 841 2310 liquor

159 2325 324 2394 tangensue
340 2317 404 2377 lusa
420 2317 568 2377 uictimam
585 2314 678 2376 culter
694 2314 781 2374 mola.

160 2408 296 2461 seruatur
312 2403 409 2462 omnis
425 2401 513 2471 ordo,
531 2418 567 2460 ne
583 2407 695 2461 tantum
712 2400 795 2461 nelas

160 2502 218 2543 non
234 2487 290 2545 rite
305 2486 363 2545 fiat.

159 2581 264 2628 crtus.
408 2571 474 2649 quis
489 2588 608 2630 manum
624 2569 705 2630 ferro
722 2569 880 2630 admouet?

158 2666 262 2711 uvur.
292 2654 356 2730 ipse
373 2663 416 2713 est
432 2656 586 2723 sacerdos,
603 2655 665 2733 ipse
681 2656 797 2714 lunesta
812 2672 901 2732 prece

161 2734 249 2796 letale
265 2755 384 2796 carmen
402 2757 453 2798 ore
468 2737 600 2798 uiolento
617 2740 703 2798 canit.

127 2841 141 2874 e
205 2822 268 2881 Stat
284 2824 346 2899 ipse
363 2822 399 2882 ad
415 2839 496 2893 araS,
513 2824 576 2901 ipse
594 2823 718 2883 deuotus
734 2825 799 2883 neci

161 2913 325 2967 contrectat
340 2914 369 2967 et
384 2909 526 2985 conponit
541 2915 569 2969 et
585 2908 665 2969 ferro
682 2906 828 2976 admouet,

159 2991 281 3050 attendit
296 2993 374 3070 ipse:
397 2990 475 3052 nulla
492 3010 560 3069 pars
576 2994 653 3052 sacri
670 2993 755 3070 perit.

158 3072 242 3134 lucus
258 3079 415 3145 tremescit,
432 3084 493 3136 tota
509 3094 648 3137 succusso
664 3076 726 3135 solo

226 3296 276 3347 668
294 3299 376 3346 noete
394 3297 492 3346 totaA
511 3312 536 3348 n.
557 3312 623 3362 ceca
642 3296 667 3345 E
690 3293 702 3361 ll
725 3298 775 3346 672
793 3297 854 3346 ioco
872 3296 898 3345 E
924 3296 987 3347 loco
1006 3299 1033 3348 Α
1054 3293 1068 3364 ΙΙ

157 3364 268 3414 flamma
287 3363 367 3427 sylua
385 3364 410 3412 Α
429 3363 502 3413 sllua
521 3364 546 3412 fl.
564 3365 589 3413 Ε
617 3361 629 3430 ΙΙ
658 3366 708 3414 685
726 3369 842 3414 reuocat
861 3365 886 3413 Α
913 3364 1017 3430 religat
1034 3366 1078 3418 Εε

157 3432 274 3482 renodat
292 3449 333 3481 un.
352 3448 387 3482 aa
400 3433 457 3480 Pol.
483 3428 494 3496 ll
523 3433 573 3482 688
591 3432 654 3483 fusa
672 3439 696 3496 ψ
716 3432 793 3483 salse
810 3433 851 3483 Αε
870 3427 882 3499 [Ι
906 3428 957 3483 696
975 3448 1077 3484 accen·

158 3498 199 3564 dit
218 3515 236 3549 u
260 3499 381 3550 attendit
400 3499 470 3549 reu
482 3507 500 3548 t.
516 3500 597 3565 Gru
620 3497 632 3566 ΙΙ
