2326 3922
163 201 229 266 230
438 216 470 263 n.
495 215 630 263 arnust
653 214 810 264 sennenn

130 357 156 414 a'
208 356 251 416 En
267 354 324 416 alta
340 355 417 415 muri
433 355 540 415 decora
556 356 703 433 congestis
718 355 818 415 iacent

164 441 248 502 tectis
264 440 374 510 adusti,
391 440 503 518 regiam
519 439 655 500 flammae
671 438 806 500 ambiunt

164 526 319 603 omnisque
334 524 392 585 late
407 527 501 585 lurnat
515 525 650 585 Assaraci
666 524 781 585 domus.

163 627 222 669 non
238 609 377 688 prohibet
392 609 493 670 auidas
508 609 625 669 llamma
641 610 764 670 uictoris
779 626 900 670 manus:

163 693 301 772 diripitur
316 694 424 754 ardens
439 694 538 754 Troia.
570 710 624 754 nec
640 692 752 754 caelum
768 700 851 772 patet

119 824 122 830 .
163 778 292 839 undante
308 779 403 838 furno:
415 777 508 853 ‚nube
524 795 578 838 ceu
594 779 685 840 densa
700 777 814 838 obsitus

162 871 225 924 ater
241 862 338 924 fauilla
354 862 469 943 squalet
483 862 566 922 iliaca
582 863 654 923 dies.

128 956 145 1005 b
208 947 270 1008 Stat
285 948 388 1008 auidus
402 949 466 1008 irae
480 949 577 1008 uictor
593 955 621 1008 et
636 946 748 1008 lentum
763 945 849 1008 Ilium

162 1033 283 1092 metitur
299 1031 392 1092 oculis
408 1050 443 1092 ac
459 1032 559 1093 decern
575 1032 695 1092 tandem
712 1032 792 1092 ierus

162 1118 287 1193 ignoscit
303 1118 396 1177 annis.
428 1116 531 1177 horret
546 1116 691 1176 addictam
708 1133 827 1196 quoque

162 1202 331 1277 uictumque
347 1203 483 1280 quamuis
498 1202 598 1262 uideat
612 1201 685 1261 haut
700 1200 795 1262 credit
809 1200 865 1261 sibi

161 1285 292 1363 potuisse
308 1287 395 1347 uinci.
428 1285 519 1365 spolia
536 1286 695 1365 populator
709 1285 786 1362 rapit

162 1370 316 1440 dardania,
340 1370 480 1448 praedam
496 1369 576 1432 mille
592 1389 652 1431 non
668 1370 786 1449 capiunt
801 1377 891 1431 rates.

130 1477 144 1512 e
205 1455 311 1517 Testor
328 1455 451 1516 deorum
463 1473 577 1538 numen
594 1456 752 1516 aduersum
768 1454 840 1515 milri

162 1543 334 1618 patriaeque
352 1541 466 1600 cineres
481 1547 569 1618 teque
584 1549 732 1601 rectorem
748 1539 898 1618 Phrygum

162 1640 250 1700 quem
267 1625 355 1684 Troia
372 1632 433 1685 toto
451 1626 601 1686 conditum
617 1641 710 1702 regno
725 1625 799 1701 tegit

162 1715 285 1786 tuosque
301 1726 403 1770 manes
419 1727 478 1789 quo
494 1711 574 1770 stetit
589 1715 685 1770 stante
700 1708 785 1769 ilium

162 1800 190 1852 et
206 1811 260 1853 uos
276 1812 410 1854 meorum
427 1793 552 1855 liberum
569 1794 669 1870 magni
684 1810 791 1871 greges

161 1877 284 1938 umbrae
300 1880 444 1939 minores:

128 1958 150 2018 ε’
335 1970 349 2002 ι’
487 1962 632 2041 Quicquid
649 1963 766 2023 aduersi
782 1962 902 2031 accidit,
973 2002 977 2007 -

77 2053 79 2057 ’
161 2065 364 2126 quaecumque
380 2046 515 2107 Phoebas
530 2065 583 2108 ore
599 2047 749 2126 lymphato
764 2046 867 2107 furens

161 2131 242 2191 credi
258 2131 312 2191 deo
328 2138 446 2191 uetante
461 2131 608 2210 praedixit
623 2131 714 2200 mala,

161 2216 244 2292 prior
259 2215 378 2276 Hecuba
395 2215 458 2275 uidi
473 2216 595 2293 grauida
612 2234 668 2277 nec
683 2215 762 2276 tacui
780 2223 876 2275 metus

161 2307 188 2359 et
204 2317 280 2360 uana
296 2309 377 2360 uates
393 2308 460 2361 ante
476 2300 668 2362 Cassandram
684 2300 737 2360 fui.

125 2383 152 2441 b'
205 2384 270 2443 Non
287 2393 390 2446 cautus
405 2386 488 2461 ignes
504 2385 620 2446 Ithacus
636 2392 686 2446 aut
700 2384 791 2444 Ithaci
808 2401 908 2446 comes
944 2418 948 2423 ·

105 2518 107 2521 .
160 2476 323 2529 nocturnus
338 2471 368 2529 in
386 2489 439 2530 uos
455 2471 563 2548 sparsit
578 2477 628 2530 aut
643 2468 732 2530 lallax
747 2469 856 2528 Sinon:

159 2570 242 2613 meus
257 2556 334 2631 ignis
349 2555 403 2615 iste
421 2563 478 2624 est,
491 2554 610 2618 ,facibus
626 2554 735 2614 ardetis
752 2554 833 2613 meis.
1097 2564 1128 2612 tu

158 2636 210 2695 sed
227 2638 296 2714 quid
313 2640 413 2699 ruinas
428 2638 512 2700 urbis
528 2657 652 2699 euersae
668 2639 777 2716 gemis,

158 2722 246 2780 uiuax
263 2723 418 2783 senectus?
441 2724 555 2802 respice
570 2723 670 2784 infelix
687 2722 722 2782 ad
740 2723 794 2783 hos
1014 2735 1037 2778 r.
1054 2735 1122 2778 xxnt

157 2804 255 2867 luctus
271 2816 422 2868 recentes:
445 2807 533 2867 Troia
550 2809 605 2868 iarn
623 2814 708 2868 uetus
724 2813 769 2868 est
783 2805 903 2867 malum.

227 3044 258 3092 15
276 3047 416 3108 congestis
436 3044 460 3092 Ε
480 3045 605 3108 congesti
623 3045 647 3092 A
665 3040 677 3110 ll
695 3046 727 3094 16
746 3043 838 3093 adusti
854 3042 879 3091 Ε
899 3042 1008 3093 adustis
1026 3045 1052 3094 A
1070 3044 1080 3109 ΙΙ

159 3111 189 3158 ll
210 3111 361 3175 assariciqr
384 3108 395 3177 ll
419 3111 511 3162 domos
530 3109 565 3159 Ε1
588 3108 600 3177 ΙΙ
623 3114 654 3162 18
674 3111 790 3161 cohibet
808 3111 883 3160 NHe.
906 3107 918 3175 ll
940 3113 973 3162 19
991 3113 1079 3163 troie

157 3176 182 3224 E
194 3172 250 3243 [120
267 3180 427 3229 umbrante
446 3175 568 3256 IGron.jl
581 3194 631 3228 ceu
644 3180 669 3228 A
694 3193 742 3229 seu
755 3192 769 3229 ε
780 3175 792 3245 ΙΙ
803 3180 836 3227 22
854 3178 913 3227 irae
927 3178 953 3226 Ε
970 3179 1015 3228 ira
1027 3181 1053 3229 A
1070 3178 1079 3243 ll

157 3294 363 3359 lentuml‘silium
382 3297 407 3345 Ε
434 3293 448 3363 [Ι
476 3298 508 3347 25
528 3263 575 3348 giret
594 3297 618 3345 Ε
637 3294 682 3362 (rie
700 3314 730 3345 m.
750 3295 813 3359 sec.)
836 3292 848 3361 l]
877 3298 910 3345 29
929 3296 1079 3363 phyrigum

157 3363 182 3412 Ε
205 3361 216 3430 ΙΙ
240 3367 270 3415 31
296 3380 348 3428 quo
372 3365 450 3414 stetit
473 3370 566 3416 stante
590 3364 668 3414 ilium
686 3364 752 3415 Elin
783 3361 885 3428 quodqp
908 3365 990 3415 stetit
1015 3370 1080 3416 anto

156 3430 229 3481 Ilion
242 3434 266 3481 A
286 3432 388 3497 quodq3
406 3437 498 3501 stante
518 3433 596 3484 stetit
614 3432 664 3482 iliu
687 3435 761 3482 Vrnt.
774 3428 831 3498 1434
848 3431 1018 3497 limphatico
1036 3434 1081 3497 φΙΙ

157 3499 190 3549 36
209 3502 286 3550 tacui
305 3515 380 3550 meos
399 3501 421 3551 R
431 3516 449 3564 p
471 3497 483 3565 Η
