2326 3922
367 209 549 259 nnncvnno
567 197 755 280 [onrnnvs]
956 195 1020 262 425

100 367 230 430 pensare
246 351 364 411 merita.
396 369 477 411 mors
494 353 693 428 eritpretium
710 352 851 412 omnium.
1039 361 1105 410 1340

99 448 207 497 nucu.
226 453 300 515 quas
314 437 420 496 misera
437 444 533 496 terras
549 442 644 497 mater
658 435 777 496 Alcidae
792 437 909 513 petam?

101 520 153 582 uhi
169 529 258 581 natus
275 519 415 580 ubinam?
439 529 519 581 certa
535 523 560 580 si
575 522 657 581 uisus
672 527 768 591 notat,

99 604 223 666 reclinis
239 622 318 666 ecce.
348 605 439 666 corde
456 604 614 666 anhelante
630 612 757 674 aestuat,

99 691 208 769 gemit:
232 696 384 769 peractum
401 697 453 750 est.
485 689 620 750 membra
637 689 794 767 complecti
808 688 910 750 ultima

99 794 117 834 o
135 781 204 834 nate
219 772 322 844 liceat,
339 775 460 852 spiritus
475 775 592 852 lugiens
608 793 674 834 meo
1040 784 1105 833 1345

99 859 217 936 legatur
234 877 296 920 ore.
326 858 467 919 bracchia
483 858 621 937 amplexu
637 877 718 939 cape.
1011 873 1034 917 r.
1050 874 1102 915 cuv

99 943 152 1003 ubi
167 942 303 1004 membra
320 945 407 1004 sunt?
431 944 483 1003 uhi
497 942 545 1003 illa
562 963 637 1022 quae
652 944 796 1004 mundum
813 944 879 1004 tulit

99 1026 251 1104 stelligera
269 1029 389 1088 ceruini
413 1029 478 1106 quis
494 1027 547 1090 tihi
562 1030 697 1106 exiguam
713 1031 757 1089 tui
817 1040 821 1048 '

99 1122 218 1192 partem
233 1111 373 1191 reliquit?

98 1209 205 1257 Hune.
412 1196 571 1258 Herculem
587 1206 703 1276 spectas
719 1197 838 1277 quidem

100 1289 198 1342 mater
213 1281 265 1342 sed
283 1281 419 1342 umbram
436 1290 466 1342 et
481 1282 539 1342 uile
554 1285 654 1343 nescio
671 1283 740 1360 quid
756 1285 828 1343 mei:
1037 1293 1103 1343 1350

101 1384 231 1444 agnosce
247 1373 357 1436 mater,
375 1385 426 1426 ora
442 1366 512 1445 quid
527 1367 621 1427 llectis
636 1375 719 1427 retro

100 1450 275 1530 uultumque
291 1453 418 1529 mergis?
440 1450 599 1512 Herculem
616 1452 674 1511 dici
691 1458 774 1512 tuum

99 1543 219 1614 parturn
236 1534 406 1596 erubescis?

102 1632 210 1680 nucu.
446 1622 512 1699 quis
528 1620 621 1682 leram
638 1621 768 1681 mundus
784 1638 891 1681 nouam

102 1722 179 1783 quae
194 1710 275 1765 terra
290 1707 393 1782 genuit
407 1704 526 1783 quodue
542 1712 600 1764 tam
617 1706 713 1767 dirum
730 1706 813 1766 nelas

101 1789 138 1849 de
155 1796 185 1848 te
199 1789 380 1868 triumphat?
402 1793 498 1849 uictor
515 1790 672 1851 herculeus
687 1793 753 1870 quis
769 1791 830 1851 esti
1039 1802 1105 1852 1355

101 1885 206 1932 Hune.
224 1884 334 1951 nuptae
350 1876 495 1935 iacentem
511 1877 609 1935 cernis
624 1874 746 1936 Alciden
762 1875 847 1936 dolis
883 1871 887 1877 ’

101 1971 210 2018 nucu.
228 1961 293 2036 quis
309 1967 408 2018 tantus
423 1967 467 2018 est
483 1961 532 2037 qui
547 1961 648 2020 uincat
662 1958 781 2019 Alciden
799 1959 901 2020 dolus?

100 2055 206 2102 Hune.
224 2037 398 2121 cuicumque
414 2045 634 2104 materiamina
650 2046 722 2104 irata
740 2052 784 2104 est
798 2049 869 2105 satis

101 2140 209 2188 nucu.
228 2135 256 2187 et
270 2128 349 2187 unde
364 2130 393 2186 in
410 2135 492 2189 artus
508 2131 599 2206 pestis
614 2135 666 2189 aut
681 2147 746 2189 ossa
761 2129 882 2189 incidit?

100 2224 206 2272 Hunc,
224 2211 333 2273 aditum
350 2215 474 2274 uenenis
489 2212 566 2290 palla
583 2213 710 2273 leminea
726 2213 852 2275 addidit.
1040 2224 1106 2274 1360

171 2382 239 2432 1340
251 2381 373 2432 Pensare
387 2381 412 2429 E
424 2382 547 2432 Pensete
561 2382 585 2431 A
598 2378 610 2448 ll
622 2382 755 2431 Alcmena
768 2383 905 2433 Hercules
920 2384 941 2433 R
958 2382 1021 2433 Ale-

97 2465 191 2500 mena.
210 2449 362 2499 Hercules.
380 2449 448 2499 Ylus
467 2451 547 2501 Gom.
562 2449 612 2499 EA
626 2447 637 2515 Η
651 2451 714 2500 1341
727 2450 897 2501 AlcmeneR
913 2450 1021 2501 Alcme-

98 2533 153 2569 nae
179 2523 247 2567 nota
261 2518 352 2582 praef.
376 2516 439 2567 ΕΑ
461 2513 474 2583 ΙΙ
504 2519 571 2568 1341
590 2517 645 2568 Vbi
664 2519 737 2566 intus
758 2519 821 2580 (om.
840 2518 898 2583 est)
919 2518 943 2567 Ε
967 2519 1021 2568 Vbi

97 2591 182 2636 natus
201 2588 244 2635 est
262 2586 287 2635 A
298 2581 312 2651 ss
325 2585 390 2635 1343
408 2584 532 2635 Reclinis
549 2585 609 2635 EA
628 2585 750 2634 Recliuis
767 2582 814 2651 apl}
828 2587 977 2637 anhelante
996 2586 1021 2635 E

99 2653 248 2704 anhelanti
266 2652 291 2701 A
315 2649 418 2768 &1344
435 2653 574 2703 ultimum
591 2652 641 2705 Bo.
662 2649 673 2719 Η
698 2656 764 2704 1346
782 2654 899 2704 brachia
918 2658 947 2706 et
964 2671 1021 2704 am-

97 2721 198 2785 plexus
221 2735 291 2785 cape
370 2720 411 2770 br.
430 2720 459 2770 in
479 2736 504 2773 a.
525 2736 548 2773 c.
566 2721 592 2770 A
622 2721 740 2771 brachia
765 2722 898 2787 amplexu
918 2724 1021 2774 Gratiam

96 2788 248 2850 bracchia,
268 2787 408 2853 amplexus
421 2805 490 2855 cape
509 2789 562 2839 GR.
579 2789 644 2852 fort.
664 2789 799 2840 bracchia
817 2792 852 2840 in
869 2791 1021 2856 planctus

97 2889 180 2941 date
203 2885 216 2955 ΙΙ
241 2889 307 2940 1348
319 2865 364 2939 tui
381 2887 410 2953 (a
421 2907 464 2955 pr.
476 2889 520 2954 m.)
534 2890 559 2939 E
570 2885 582 2958 11
596 2891 662 2942 1349
674 2892 786 2942 Partem
799 2892 917 2957 reliquid
932 2893 936 2954 Ι
953 2893 1021 2954 Quis

96 2958 189 3009 feram
200 2956 318 3007 mundus
331 2973 431 3008 nouam
446 2956 451 3023 Ι
467 2959 552 3008 HER.
566 2958 715 3009 Herculem
729 2964 841 3024 spectas
854 2959 963 3023 quidem
975 2959 1002 3008 Ε
1012 2955 1021 3025 ll

98 3028 167 3076 1350
184 3024 310 3074 umbram
329 3031 357 3076 et
374 3026 431 3076 uile
450 3027 475 3076 Ε
495 3023 614 3090 (umbret
625 3027 683 3077 uilo
696 3027 721 3075 Ε
734 3037 752 3077 t.
768 3027 823 3087 Gr.)
843 3027 884 3075 ΛΕ
906 3026 1020 3077 umbrae

96 3092 189 3143 simile
208 3092 234 3141 A
250 3094 254 3156 1
270 3108 331 3144 mee
348 3094 372 3144 R
388 3090 401 3160 ΙΙ
421 3096 487 3145 1352
505 3095 607 3160 mergis
624 3095 650 3143 Ε
673 3096 772 3160 uergis
791 3095 866 3144 NHc.
891 3110 1020 3146 maerens

96 3161 123 3211 A
135 3157 148 3228 Η
161 3161 230 3211 1355
246 3161 338 3210 uictor
354 3161 502 3212 herculeus
520 3162 545 3210 Ε
558 3163 583 3212 A
602 3164 693 3212 uictor
704 3161 844 3212 Herculis
864 3163 1021 3212 GFadrioius

97 3245 134 3279 en
163 3229 278 3294 antiquis
304 3233 368 3280 conl.
399 3247 423 3279 u.
444 3231 510 3280 1484
539 3229 680 3280 Herculis
709 3230 801 3280 uictor
822 3229 990 3279 Scmueriana
1012 3226 1021 3294 ll

99 3298 168 3348 1358
187 3295 358 3360 Cuicumque
376 3313 413 3346 m.
426 3298 531 3348 femina
548 3299 622 3347 11414
640 3301 686 3347 sat
705 3297 790 3347 441Ε
809 3303 852 3347 est
869 3297 946 3348 satia
967 3296 1019 3348 GR.

97 3365 267 3428 Quicunque
286 3381 321 3414 m.
340 3365 463 3416 feminae
482 3366 572 3416 iratae
591 3370 637 3415 sat
655 3370 698 3415 est
715 3366 740 3415 A
760 3362 782 3482 ᾸΙ
813 3366 878 3415 13119
900 3365 937 3413 Et
959 3363 985 3413 Ε
996 3364 1020 3414 R

95 3431 135 3482 At
153 3433 180 3483 A
200 3428 213 3499 Ι]
235 3433 302 3484 1360
318 3433 441 3497 feminea
458 3433 519 3483 ΕΕ
536 3433 666 3483 femineis
685 3434 710 3483 A
727 3429 739 3499 ΙΙ
779 3431 836 3484 edit
854 3450 876 3482 ω
896 3431 1021 3482 addidit

95 3502 201 3565 mimi·
226 3495 239 3567 ll
