2326 3922
378 211 560 260 nuacvuus
587 197 747 298 [euplius]

108 357 129 413 ρ’
314 374 319 382 ’
412 353 543 413 Monstra
559 355 615 412 iarn
633 354 739 415 desunt
754 356 827 416 mihi

138 434 262 518 minorque
276 439 362 500 labor
379 446 423 498 est
437 436 556 498 Herculi
571 439 648 498 iussa
668 443 773 518 exequi

138 538 204 599 quam
218 525 281 584 mihi
301 523 445 584 iubere.
469 520 563 582 iaetus
579 525 703 602 imperia
720 527 837 603 excipit.

107 634 120 666 o
169 604 219 674 Qua
232 611 290 670 sera
305 607 423 688 tyranni
438 607 538 667 iussa
554 606 684 669 uiolento
702 618 811 686 queant

136 706 219 754 necere
232 694 348 755 iuueni?
369 710 477 769 nempe
492 709 547 768 pro
563 691 626 752 telis
642 695 718 770 gerit

136 793 192 852 quae
204 780 291 840 timuit
307 786 337 838 et
351 795 428 856 quae
445 775 528 836 fudit.
553 786 682 838 armatus
699 779 780 838 uenit

136 857 200 922 leeue
214 872 238 924 et
251 863 354 943 hydra.

104 960 124 1008 α’
414 944 476 1005 Nec
492 945 563 1005 satis
579 952 676 1007 terrae
691 955 803 1026 patent.

137 1028 225 1109 effregit
239 1051 305 1094 ecce
321 1031 413 1092 limen
428 1029 539 1090 inferni
554 1030 633 1091 louis

139 1120 159 1170 et
170 1117 248 1193 opima
262 1118 334 1183 uicti
349 1116 428 1192 regis
445 1113 481 1173 ad
498 1131 623 1191 superos
639 1115 739 1176 referi.

103 1199 132 1248 c“
170 1197 260 1262 Parum
277 1209 322 1262 est
336 1200 464 1261 reuerli:
482 1197 586 1259 foedus
603 1200 776 1261 umbrarum
793 1203 878 1279 perit.

140 1275 196 1360 [uidi
206 1291 274 1363 ipsa,
293 1288 360 1348 uidi
372 1292 461 1346 nocte
475 1286 612 1345 discussa
628 1286 762 1358 ipserum
1038 1295 1073 1342 50

138 1373 158 1422 ei
168 1369 222 1432 Dite
235 1374 344 1433 domito
358 1372 457 1446 spolia
472 1372 634 1429 iactantem
643 1373 736 1446 patri

134 1447 259 1518 fraterna.
306 1474 363 1516 cur
377 1472 438 1515 nun
453 1457 588 1514 uinctum
604 1462 634 1513 et
648 1472 824 1530 oppressum
840 1457 937 1515 traicit

137 1535 210 1606 ipsum
222 1544 334 1601 eatenis
343 1543 440 1616 paria
455 1542 595 1598 sortitum
610 1541 682 1599 Ioui

138 1617 264 1700 Ereboque
278 1632 371 1700 capto
384 1626 501 1700 potitur
515 1630 544 1682 et
558 1620 814 1706 relepitStppu?]

137 1706 250 1774 patefacta
264 1709 300 1769 ab
316 1710 384 1767 imis
400 1706 536 1767 manibus
550 1714 631 1766 retro
647 1709 695 1767 uia
712 1716 756 1768 est

140 1794 160 1844 et
171 1807 239 1853 saura
254 1794 334 1854 dirae
350 1793 454 1855 mortis
470 1793 500 1851 in
517 1799 620 1870 aperto
635 1793 741 1852 iacent.

110 1905 122 1938 c
170 1874 203 1933 Aa
214 1879 263 1938 iste
279 1883 368 1956 rupto
384 1895 505 1937 caruere
521 1875 695 1938 umbrarum
711 1876 794 1937 ferox

142 1952 168 2013 de
179 1975 217 2021 me
231 1962 393 2039 triumphat
410 1970 438 2022 et
454 1960 631 2038 superbifica
645 1979 735 2022 manu

140 2045 211 2104 auum
224 2066 273 2125 per
289 2046 380 2107 urbes
395 2045 476 2105 (lucit
492 2044 636 2122 argolicas
652 2065 765 2107 canem.

107 2132 127 2181 ε’
171 2124 225 2189 Viso
239 2130 384 2192 lahantem
401 2129 531 2192 Cerbero
547 2130 609 2190 uidi
625 2130 702 2192 diem
1047 2137 1080 2185 ⁶0

140 2211 308 2294 pauidumque
325 2216 427 2276 solem.
450 2234 499 2275 me
515 2233 634 2294 queque
649 2217 757 2276 inuasit
771 2223 885 2275 tremor

141 2300 160 2348 et
170 2300 229 2360 tetra
244 2302 370 2361 monstri
387 2298 462 2360 eolla
478 2300 594 2360 deuicta
609 2302 728 2360 intuens

140 2375 199 2441 liuui
209 2386 377 2466 imperasse.

113 2486 125 2519 e
411 2467 499 2528 Leuia
516 2469 567 2528 sed
583 2471 707 2529 nimium
725 2486 843 2546 queror.

141 2549 217 2613 caelo
232 2553 394 2615 timendum
412 2561 464 2622 est,
481 2570 572 2630 regna
588 2571 626 2614 ne
642 2571 757 2614 summa
773 2561 898 2632 occupet

138 2631 173 2703 qui
184 2640 244 2699 uicit
257 2641 324 2708 ima,
342 2646 457 2716 sceptra
473 2638 635 2717 praeripiat
648 2640 735 2717 patri.
1043 2641 1077 2689 55

136 2770 191 2784 ’N

193 2781 308 2791 s...—

183 2875 210 2924 43
227 2877 285 2938 Quo
303 2876 351 2939 Vp
365 2874 443 2936 Quae
457 2875 496 2925 εΑ
513 2870 526 2935 fl
543 2877 576 2924 49
590 2874 626 2923 al'
640 2875 711 2938 petit
722 2871 759 2922 E²
771 2890 819 2938 τηρ.
840 2870 852 2940 H
873 2891 912 2922 zia.
926 2875 1028 2923 50-54

133 2934 196 2989 deleei
210 2943 407 3008 dittoprapluiam
425 2944 458 3006 cs.
477 2959 502 2994 u.
521 2945 553 2992 60
570 2958 627 3007 sqq.
650 2937 662 3007 ΙΙ
692 2943 798 2990 inferus
822 2943 848 2991 V
850 2939 856 2972 ¹
882 2938 893 3007 Η
916 2943 948 2991 52
968 2942 1027 2990 uin-

132 3007 187 3056 ctum
205 3012 252 3060 VA
278 3012 415 3061 uictume
445 3005 457 3076 Η
485 3008 582 3072 trahit)
601 3010 644 3058 hit
660 3013 687 3058 in
703 3025 757 3060 rae.
776 3007 813 3057 E²
841 3005 853 3075 ΙΙ
882 3010 916 3059 54
935 3009 1028 3058 cerbe-

131 3084 195 3136 roque
215 3080 260 3143 Vp
298 3075 310 3145 ΙΙ
344 3080 433 3128 deesse
456 3079 559 3128 uidetur
576 3093 630 3127 uox
652 3077 755 3140 potitur
777 3077 802 3125 V
829 3072 840 3142 ll
876 3080 903 3126 et
924 3079 1030 3141 retegit

128 3137 167 3190 EA
184 3149 208 3194 et
218 3147 289 3210 tegit
305 3148 332 3195 V
349 3149 377 3195 et
388 3145 509 3210 relegit
526 3146 604 3194 With.
624 3159 662 3193 en
681 3144 783 3208 retegit
795 3144 864 3198 Bau.
878 3147 994 3195 eume
1006 3141 1018 3209 ΙΙ

127 3208 207 3275 seigam
229 3216 254 3263 V
280 3210 293 3280 Η
321 3215 354 3264 56
377 3212 462 3262 durae
481 3211 516 3261 E¹
535 3219 603 3262 totus
620 3228 710 3262 uersus
727 3211 800 3262 abest
822 3215 847 3262 V
880 3210 891 3279 ii
920 3215 952 3262 57
970 3213 1025 3261 iste

127 3276 198 3329 Vim
218 3282 265 3331 iiia
284 3282 324 3332 eA
348 3277 361 3348 {l
389 3282 422 3330 60
439 3280 582 3330 labentem
599 3281 624 3328 V
645 3277 656 3346 ΙΙ
680 3281 712 3329 62
731 3284 805 3330 tetra
822 3278 1024 3342 thhetrau

123 3345 202 3397 iprae.
220 3357 300 3400 terna
317 3349 342 3398 A
378 3345 390 3414 ss
424 3348 536 3398 deuicta
556 3350 583 3397 V
603 3348 707 3399 deuicti
725 3348 750 3397 E
774 3348 863 3409 (litera
885 3348 939 3395 iin
956 3345 1024 3405 ras.)

120 3413 141 3462 A
169 3412 180 3481 Η
211 3417 242 3468 63
264 3413 455 3480 leedlnimium
486 3414 526 3480 (ni
554 3419 580 3464 in
602 3415 668 3478 rae.)
692 3414 727 3463 Ε2
756 3416 896 3465 minimum
927 3409 961 3461 V¹
1001 3407 1014 3476 [1

118 3482 145 3532 65
158 3485 260 3551 p‘ripiat
282 3485 308 3534 V
341 3484 493 3550 praeripiet
510 3483 535 3531 E
555 3482 727 3547 (raa.intere
741 3482 803 3546 etr)
818 3482 842 3530 A
