2326 3922
427 191 628 240 PRAEFATIO
915 193 997 241 VIIII

92 343 181 405 siderent
204 342 233 406 nt
254 350 407 407 consimilis
431 351 496 406 artis
524 368 607 425 opera
635 369 694 407 cum
717 354 843 425 genuinis
870 353 998 408 uidentur

90 431 215 491 coniunctae
230 451 299 491 esse.
335 435 413 503 Quod
430 436 536 510 quidem
559 453 591 493 eo
608 445 732 509 tempore
753 437 853 492 lactum
876 454 937 493 esse
953 455 999 493 su·

90 515 208 585 spiramen,
230 538 285 594 quo
301 537 392 594 neque
409 522 576 594 tragicorum
591 536 750 592 graecorum
767 521 856 578 studia
873 523 998 577 euannis·

87 610 130 657 sent
142 619 182 660 nec
192 605 440 662 Frontonianorum
456 604 601 661 sedulitate
617 608 703 679 ipsius
715 604 832 662 Senecae
848 608 998 662 auctoritas

84 681 171 746 iniraeta
190 697 270 746 esset.
315 690 379 746 Nam
402 693 461 746 eius
483 690 634 764 exemplum
657 698 826 764 quantopere
846 708 908 747 eum
929 692 998 763 Aga·

82 775 206 830 memnonis
228 783 285 831 tum
308 777 422 832 maxime
443 765 566 830 Herculis
596 783 692 831 auctor
713 775 745 830 ad
766 775 926 831 imitandum
947 775 998 831 sibi

80 861 230 930 proposuerit
245 875 279 914 ne
293 859 392 916 leuiter
407 859 515 933 quidem
531 860 681 917 intuentem
698 859 795 932 lrrgiet.

124 943 214 999 Earum
242 944 393 1000 fabularum
420 944 531 1001 alteram
555 949 639 1001 anteit
661 953 688 1000 ct
710 952 834 1018 tempore
861 952 888 1000 et
908 946 997 1017 pretio

76 1026 235 1099 Agamemno,
258 1046 338 1102 quam
356 1029 523 1103 tragoediam
540 1032 564 1084 is
580 1031 626 1103 qui
642 1029 784 1086 Herculem
800 1029 917 1085 alterum
933 1029 999 1085 seri·

73 1113 114 1182 psit
133 1121 193 1169 ante
215 1113 312 1169 oculos
332 1114 426 1169 babuit
447 1122 475 1170 et
497 1115 522 1168 in
539 1114 632 1169 multis
652 1122 695 1169 est
716 1110 884 1184 imitatus*).
928 1114 998 1186 Aga·

71 1199 210 1254 memnonis
223 1206 319 1254 auctor
334 1207 444 1272 praeter
455 1199 591 1272 'lbyesten
604 1198 722 1254 Senecae
738 1199 901 1272 Aeschylum
917 1214 999 1270 quem

69 1279 105 1336 ille
118 1291 272 1356 spreuerat‚
295 1285 322 1337 in
338 1282 421 1338 rebus
437 1284 583 1339 tractandis
598 1283 693 1339 ducem
710 1283 761 1338 sibi
777 1282 873 1355 elegit,
895 1285 923 1337 in
939 1299 1000 1337 sen·

68 1366 145 1422 tentiis
172 1367 322 1440 uerbisque
350 1367 382 1424 ab
410 1368 530 1440 Vergilio
552 1368 718 1440 Horatioqne
747 1366 845 1440 quibus
873 1365 998 1423 Ouidium

65 1467 131 1506 sunm
147 1452 288 1525 praeferre
303 1454 448 1508 consueuit
464 1452 661 1525 philosophus,
686 1468 741 1507 non
758 1467 842 1525 panca
859 1458 998 1508 mutuatus

63 1543 105 1590 cst.
130 1537 158 1591 ln
174 1536 341 1593 carminibus
358 1538 425 1592 nero
441 1537 589 1593 condendis
606 1553 666 1592 eum
682 1553 736 1591 non
753 1537 926 1610 acquieuisse
942 1537 999 1593 lor·

60 1622 104 1675 mis
124 1621 241 1676 Senecae
267 1621 313 1676 uel
334 1626 425 1695 potius
453 1624 511 1677 eius
533 1619 691 1694 aequalibus
713 1622 843 1677 aelamatis
864 1622 998 1678 canticum

58 1703 118 1760 illud
139 1705 262 1760 ostendit
276 1721 309 1760 en
324 1706 503 1763 dimetrorum
519 1714 547 1762 et
562 1713 795 1761 monometrorum
813 1708 999 1779 anapaestico·

57 1805 110 1844 mm
127 1792 275 1863 quinquies
288 1791 448 1847 iteratorum
462 1792 585 1864 strophis
598 1793 772 1864 conpositum
784 1791 997 1848 unffi-408.

57 1872 216 1930 llonendnm
232 1875 351 1948 denique
367 1876 449 1931 liuius
466 1893 577 1949 qnoque
594 1876 749 1949 tragoediae
765 1892 819 1931 non
832 1874 998 1949 perpolitum

56 1966 81 2013 et
101 1958 210 2032 publice
226 1960 327 2015 editum
351 1959 488 2034 exemplar
503 1960 622 2018 Senecae
643 1961 750 2017 schedis
772 1960 906 2016 adiectum
929 1976 998 2022 esse,

56 2044 99 2099 sed
120 2043 230 2116 plenum
254 2042 344 2099 lituris
369 2045 402 2100 ab
423 2047 544 2102 auctoris
565 2063 644 2101 manu
666 2045 760 2106 iactis,
787 2045 813 2100 id
836 2045 909 2116 quod
931 2045 998 2099 mira

54 2127 131 2184 docet
153 2131 308 2202 scripturae
323 2130 468 2186 diuersitas
486 2147 554 2204 quae
574 2133 696 2187 cernitur
718 2130 743 2184 in
760 2129 865 2186 cantico
887 2129 934 2185 illo
951 2130 1000 2184 mi·

55 2212 165 2268 semime
186 2213 339 2269 deformato
368 2232 395 2270 u.
419 2214 596 2273 etet-ent.
640 2216 711 2271 idem
734 2215 808 2288 quod
830 2214 862 2268 de
884 2213 999 2269 Hercule

54 2297 137 2353 altero
154 2296 321 2353 adfirmemus
337 2299 409 2354 nulla
426 2307 468 2354 est
484 2300 632 2372 probabilis
648 2315 751 2354 canssn.

115 2381 167 2436 lam
190 2399 257 2438 uero
280 2398 378 2438 nouem
400 2383 463 2439 illae
483 2383 528 2439 uel
544 2386 637 2459 potius
661 2386 751 2438 decem
769 2381 924 2454 tragoediae
946 2390 1000 2437 tra·

55 2466 268 2539 goediarumque
290 2467 440 2539 dragmeota
456 2470 615 2542 priusquam
632 2466 866 2529 describerentur,
891 2467 1000 2524 chartae

53 2549 168 2623 plnrinm
198 2567 389 2625 possessorum
417 2552 542 2608 manibus
572 2555 725 2609 conmissae
752 2553 843 2607 uarias
872 2561 999 2626 expertae

52 2643 114 2690 sunt
137 2637 220 2691 uices.
258 2635 378 2703 Quorum
396 2638 493 2692 studiis
509 2639 624 2711 poeticis
640 2647 667 2693 et
683 2639 866 2712 grammaticis
882 2654 943 2693 cum
960 2640 1001 2693 in·

52 2722 202 2783 seruirent,
224 2737 278 2776 non
296 2723 392 2791 mirum
409 2723 481 2796 quod
504 2730 532 2777 et
546 2723 624 2778 locos
640 2723 698 2778 siue
721 2739 752 2777 ex
773 2722 889 2778 aliorum
904 2731 997 2795 poeta-

51 2821 107 2859 mm
131 2804 210 2859 libris
227 2805 286 2860 sine
309 2822 340 2860 ex
368 2806 436 2879 ipsis
459 2807 608 2880 tragoediis
632 2807 755 2862 sublatos
777 2813 804 2861 et
824 2807 893 2861 narii
917 2822 1000 2878 gene·

51 2890 85 2943 ris
115 2891 360 2963 interpretamenta
383 2882 606 2964 nonnumquam
632 2900 719 2947 metro
746 2900 877 2963 concepta
900 2906 999 2946 uersus

50 2972 167 3046 denique
188 2974 221 3028 ad
244 2977 364 3030 auctoris
391 2976 542 3048 exemplum
564 2977 696 3032 dormaton
719 2975 818 3049 quibus
840 2975 999 3031 dilataretur

51 3059 152 3121 oratio,
181 3059 214 3113 ad
235 3059 385 3130 marginem
409 3060 571 3116 adlinebant.
618 3062 657 3116 nc
677 3061 757 3134 primi
786 3059 892 3132 quidem
915 3077 999 3133 gene·

51 3143 85 3198 ris
106 3142 358 3199 additamentorum
374 3151 405 3200 ut
427 3146 548 3220 exempla
565 3146 670 3220 aliquot
686 3145 865 3207 subiciamus,
888 3145 920 3200 ad
936 3145 1001 3200 Pn-

50 3224 191 3284 blilium
218 3228 340 3301 Syrum
371 3229 531 3285 referendus
560 3238 602 3286 est
630 3229 730 3287 11332
761 3229 807 3284 ubi
836 3229 869 3285 ci.
898 3236 999 3290 notam,

53 3327 103 3335 -.
116 3328 259 3335 ⁴.—..—---..

112 3357 139 3423 ²³⁴)
152 3361 196 3409 Ex
210 3360 264 3408 hec
278 3359 373 3411 fabula
384 3360 500 3424 plurima
513 3361 689 3425 desumpsere
702 3359 905 3410 elClaudianus
919 3373 998 3422 quem

51 3424 195 3478 Octauiam
211 3442 318 3492 quoque
335 3432 400 3476 onte
414 3428 509 3478 oculos
522 3428 652 3478 babuisse
670 3427 831 3493 uerisimile
851 3430 893 3476 est
914 3425 1001 3488 etqui

50 3495 103 3546 eius
118 3496 250 3560 aequalis
264 3495 317 3544 tuit
331 3499 427 3544 auctor
440 3496 616 3573 carminis-de
629 3496 757 3544 laudibus
771 3492 908 3543 Herculis.
