2326 3922
446 217 597 266 onmevs
672 191 673 194 '

218 359 363 440 [audacis
377 362 446 420 uiae
460 375 558 419 comer
573 352 694 438 cudae]

214 443 353 523 quicquid
371 444 495 504 excessit
510 442 645 510 modum,

99 574 107 587 .
214 528 322 606 pendet
334 525 465 588 instabili
481 525 557 587 leco.

256 697 314 758 Sed
331 697 493 776 quidhoc?
516 704 616 774 postes
632 703 746 758 sonant.

214 789 343 843 maestus
359 801 397 842 en
412 780 540 843 famulus
554 799 643 841 manu
778 783 782 788 “

214 867 314 945 regius
330 883 471 944 quassans
488 875 584 944 caput.

215 951 269 1012 ede
286 950 355 1029 quid
372 958 473 1029 portes
489 951 567 1011 noui.

439 1217 599 1265 NVNTIVS.

20 1402 39 1435 a
105 1373 259 1435 Praedicta
274 1381 429 1452 postquam
446 1372 503 1432 fata
520 1382 549 1432 et
563 1372 715 1433 infandum
732 1389 825 1449 genus

60 1459 220 1538 deprendit
235 1476 269 1519 ac
284 1477 316 1518 se
332 1456 445 1519 scelere
462 1459 630 1518 conuictum
647 1457 778 1535 Oedipus

60 1545 212 1604 damnauit
227 1544 304 1621 ipse,
322 1544 433 1621 regiam
449 1542 573 1602 infestus
588 1549 690 1620 petens

59 1630 158 1689 inuisa
174 1645 304 1706 propero
320 1635 395 1687 tecta
412 1628 579 1705 penetrauit
594 1626 702 1705 gradus

20 1723 41 1772 b
107 1711 207 1783 Qualis
222 1728 278 1789 per
294 1728 364 1772 arua
380 1710 492 1790 libycus
507 1713 612 1772 insanit
627 1711 674 1771 ieo

62 1798 175 1859 suiuam
192 1797 299 1857 minaei
314 1796 412 1857 fronte
429 1797 602 1856 concutiens
617 1796 732 1856 iubam:

62 1881 164 1944 uultus
180 1880 281 1942 surore
296 1889 400 1941 toruus
415 1889 503 1958 atque
520 1879 597 1941 oculi
613 1888 727 1949 truces,

62 1969 192 2045 gemitus
207 1974 237 2026 et
251 1964 341 2025 altum
357 1982 493 2025 murmur
510 1973 539 2025 et
554 1963 668 2041 gelidus
683 1965 747 2026 fluit

62 2051 155 2112 sudor
171 2068 225 2129 per
240 2059 338 2119 artus,
354 2057 472 2128 spumat
487 2058 516 2110 et
531 2049 624 2110 uoluit
640 2051 734 2111 minas

63 2154 97 2196 ac
115 2152 230 2196 mersus
245 2134 303 2195 alte
319 2152 443 2212 magnus
458 2135 587 2195 exundat
602 2134 695 2196 dolor.
1000 2150 1049 2200 945

27 2220 54 2278 α’
108 2220 216 2280 Secum
232 2221 296 2299 ipse
311 2237 418 2280 saeuus
433 2220 545 2298 grande
561 2221 660 2280 nescio
676 2221 746 2298 quid
762 2227 846 2299 parat

62 2307 187 2381 suisque
201 2303 268 2364 fatis
283 2303 389 2365 simile.
421 2305 509 2383 ‘quid
527 2304 638 2383 poenas
654 2305 773 2364 moror?

63 2391 119 2457 ait,
138 2389 215 2448 ‘hoc
230 2388 387 2450 scelestum
404 2397 506 2467 pectus
522 2396 572 2450 aut
587 2390 667 2451 ferro
683 2397 764 2466 petat

63 2482 114 2534 aut
130 2473 244 2534 feruido
260 2471 366 2551 aliquis
380 2474 447 2551 igne
464 2472 512 2534 uei
527 2491 597 2535 saxo
614 2474 722 2536 domet.

31 2558 56 2616 b'
108 2558 192 2630 Quae
208 2558 292 2634 tigris
307 2566 358 2618 aut
373 2575 448 2634 quae
463 2575 552 2619 saeua
568 2559 732 2620 uisceribus
748 2561 822 2619 meis
858 2612 865 2622 .
999 2572 1050 2622 950

64 2644 199 2702 incurret
212 2641 291 2703 ales?
315 2644 378 2720 ipse
394 2652 424 2703 tu
440 2643 586 2704 scelerum
603 2661 696 2721 capax
801 2716 803 2721 Ι
930 2653 932 2656 ’

64 2745 149 2787 sacer
165 2727 324 2787 Cithaeron
340 2726 389 2788 uel
406 2726 528 2787 ferasin
544 2746 592 2787 me
607 2725 673 2789 tuas

65 2813 166 2872 emitte
183 2810 279 2882 siluis,
296 2813 379 2873 mitte
395 2812 443 2872 uei
458 2812 578 2874 rabidos
594 2831 691 2874 canes.

133 3067 184 3116 929
196 3064 318 3115 Audacis
328 3066 393 3115 uiae
407 3081 498 3115 comes
510 3067 599 3116 audax
612 3066 634 3114 Ε
649 3065 748 3117 Comes
759 3067 873 3117 audacis
883 3067 948 3116 uiue
958 3067 982 3114 A

71 3180 191 3231 compos
208 3165 353 3217 LMuetler.
371 3168 456 3217 deleur‘
472 3164 483 3232 Η
507 3170 556 3218 932
575 3167 627 3217 hoc
647 3168 669 3216 E
687 3168 732 3218 hie
750 3171 775 3218 A
793 3156 811 3234 ΙΙ4
828 3144 906 3234 pdtes
925 3168 950 3216 Ε
970 3169 981 3231 ti

71 3238 167 3348 ponant
184 3233 210 3283 E
228 3237 310 3284 sonat
326 3235 352 3315 A
368 3229 380 3298 ΙΙ
397 3236 446 3285 933
464 3235 570 3316 Mestus
589 3241 616 3284 et
634 3235 683 3299 Εψ
708 3252 746 3286 en
759 3237 835 3286 NHc.
853 3233 865 3302 Η
882 3236 984 3300 Regios

83 3316 132 3350 .m.
147 3317 167 3351 α
182 3297 194 3367 ΙΙ
210 3303 262 3352 934
279 3301 383 3366 Regius
395 3301 421 3351 Ε
439 3302 576 3368 Βεςιοεψ
594 3304 717 3353 Moestus
731 3308 760 3353 et
773 3319 797 3368 q.
812 3319 835 3352 c.
850 3319 867 3353 α
878 3307 890 3369 Ι]
903 3317 984 3381 gues-

75 3372 112 3416 ιιι
123 3368 147 3417 Ε
165 3383 302 3433 quassans
320 3369 345 3418 A
358 3365 369 3435 ii
385 3371 435 3420 996
453 3385 540 3435 genus
559 3370 610 3421 EA
629 3371 721 3421 seelus
739 3369 786 3437 ψΗ
798 3372 847 3422 943
865 3371 925 3420 flunt
944 3370 983 3420 eA

76 3435 146 3485 uolut
161 3444 186 3500 ψ
202 3433 214 3503 ΙΙ
229 3437 280 3487 948
297 3437 345 3486 Ait
362 3438 414 3487 hoc
431 3437 457 3487 Ε
481 3439 517 3487 Vt
535 3438 585 3488 hoc
604 3440 627 3488 A
645 3435 721 3506 11951
741 3437 880 3490 scelerum
902 3437 988 3503 (petus

16 3504 22 3541 i
80 3514 134 3554 em.
151 3499 493 3571 ree.)E11952tuesEgr
511 3507 566 3558 tuis
584 3509 610 3558 A
634 3505 645 3576 Η
935 3537 937 3542 -
