2326 3922
466 191 644 259 carneres
973 169 1011 262 '71

52 369 74 419 a
139 364 212 412 snm
326 362 359 377 '⁸
448 349 824 413 Hanclraudemsoient
985 364 1118 407 ccxxssn

90 437 173 515 gnati
188 436 309 514 parari‘l
968 431 980 446 ⁸

92 535 172 580 nnn.
332 521 420 580 tacita
436 529 496 579 tam
513 519 636 580 rudibus
652 521 725 581 fines

92 623 154 666 non
171 615 214 666 est
228 607 259 665 in
275 605 374 679 annis,
391 605 529 680 detegent
544 604 644 665 forsan
663 605 763 666 dolos:

92 703 193 751 tacere
208 688 308 750 multis
324 689 447 750 discitur
464 691 542 748 uitae
559 689 654 750 malis.

71 781 79 801 '
137 787 212 835 sno.
238 775 394 853 Ipsosque,
411 792 466 853 per
482 791 556 853 quos
572 773 708 835 lallere
723 774 813 834 almm
830 777 952 853 cogitas,
1029 793 1081 842 320

93 859 216 929 falles,
234 867 267 918 ut
281 856 336 936 ipsi
352 861 476 919 crimine
493 864 522 918 et
536 856 621 937 culpa
636 861 760 920 uacent?

94 958 173 1003 Ana.
203 943 271 1020 quid
289 945 367 1003 enirn
382 961 505 1004 necesse
521 952 566 1004 est
582 943 694 1004 liberos
709 942 815 1004 sceleri
831 962 898 1004 meo

93 1029 243 1088 inserere?
264 1045 318 1106 per
334 1045 388 1087 nos
404 1027 469 1088 odia
486 1045 517 1088 se
533 1039 632 1088 nostra
650 1028 808 1107 explicent.
827 1063 868 1073 —

65 1127 77 1174 i
139 1111 214 1173 Male
231 1114 309 1190 agis,
326 1113 441 1173 recedis
457 1115 564 1173 anime.
592 1114 615 1173 si
631 1115 729 1190 parcis
743 1113 810 1184 tuis,

93 1216 199 1277 parces
215 1205 245 1258 et
259 1195 332 1257 illis:
355 1196 459 1257 consili
474 1197 676 1274 Agamemnon
693 1199 751 1258 mei
805 1220 808 1226 ⁴

93 1285 190 1343 sciens
206 1283 341 1342 minister
355 1282 407 1343 liat
422 1289 451 1342 et
465 1283 542 1361 patri
559 1284 657 1344 sciens

93 1365 244 1427 Menelaus
260 1367 338 1426 assit.
366 1366 458 1445 prolis
474 1368 604 1428 incertae
620 1367 693 1427 tides

94 1471 130 1511 ex
145 1451 203 1511 hoc
218 1457 334 1528 petatur
350 1451 472 1512 scelere.
501 1454 525 1512 si
540 1450 616 1512 bella
635 1451 770 1511 abnuunt

94 1543 123 1596 et
137 1553 244 1613 gerere
259 1533 363 1595 nolunt
378 1536 454 1606 odia,
471 1538 496 1596 si
511 1544 650 1615 patruum
666 1544 791 1596 nocant:

68 1690 75 1709 Ι
95 1628 179 1699 pater
195 1627 249 1681 est.
271 1627 370 1689 eatur.
584 1624 586 1628 '

55 1699 68 1749 i
413 1704 501 1767 Multa
520 1705 570 1766 sed
587 1705 719 1783 trepidus
735 1704 809 1766 solet
831 1719 832 1722 ’

93 1790 236 1867 detegere
250 1786 365 1858 uultus,
382 1807 488 1868 magna
502 1788 653 1851 nolentem
669 1808 787 1869 quoque

93 1873 215 1934 consilia
232 1874 376 1952 produnt:
394 1877 530 1937 nesciant
545 1882 672 1953 quantae
688 1877 732 1935 rei
818 1920 821 1924 .

92 1960 165 2018 liant
180 1960 316 2020 ministri.
345 1967 446 2020 nostra
462 1968 493 2020 tu
510 1967 614 2038 coepta
631 1959 758 2021 occules.

93 2056 170 2103 sna.
196 2042 276 2103 haud
293 2060 357 2103 sum
373 2044 552 2105 monendus:
570 2046 623 2105 ista
639 2051 741 2105 nostro
758 2046 787 2104 in
805 2051 927 2123 pectore

92 2128 169 2188 tides
184 2129 345 2207 timorque,
362 2128 414 2190 sed
430 2131 524 2207 magis
539 2128 657 2190 claudet
670 2129 752 2190 fides.
1031 2144 1082 2194 335

453 2310 591 2358 cflonvs

252 2411 402 2497 [Tandem
417 2420 505 2492 repta
520 2419 637 2491 nobilis,

251 2504 372 2576 antiqui
382 2519 478 2576 penos
492 2503 614 2575 Inachi,

247 2583 386 2658 fratrum
401 2589 558 2663 conposuit
572 2581 694 2668 minas]

293 2754 365 2825 Quis
380 2773 433 2814 uos
449 2754 577 2833 exagitat
591 2755 676 2814 furor

250 2835 369 2899 alternis
385 2838 456 2901 dare
472 2841 645 2918 sanguinem
1032 2856 1081 2905 340

163 3007 214 3058 317
240 3006 368 3057 Acme·
388 3023 436 3058 om.
455 3010 481 3058 A
518 3004 531 3074 ll
578 3010 627 3060 319
650 3008 730 3058 ATR.
754 3012 850 3059 tacere
869 3010 895 3059 A
929 3009 1011 3062 ATR.

90 3093 139 3127 om.
154 3075 181 3125 Ε
204 3072 216 3142 ΙΙ
239 3077 289 3126 320
307 3077 419 3139 ipsosne
433 3077 458 3126 A
481 3077 612 3142 ipsosque
625 3077 650 3126 Ε
674 3073 686 3142 ΙΙ
714 3079 763 3127 321
782 3077 866 3128 falles
884 3078 964 3128 ATR.
983 3083 1013 3128 at

91 3145 148 3209 ipsi
167 3144 194 3194 A
222 3141 306 3193 falles
323 3147 355 3192 ut
372 3144 427 3208 ipsi
445 3143 471 3193 Ε
498 3141 510 3209 ΙΙ
540 3146 590 3195 325
613 3144 657 3194 illi
675 3145 700 3194 A
728 3145 785 3195 illis
803 3145 829 3194 E
857 3141 869 3211 ll
898 3147 948 3196 326
970 3148 1013 3195 in-

92 3213 188 3262 sciens
206 3210 233 3260 Ε
259 3211 351 3261 sciens
368 3212 394 3260 A
432 3208 444 3276 ΙΙ
472 3213 562 3276 petris
580 3211 668 3262 cliens
685 3214 711 3262 A
739 3215 815 3278 petri
833 3214 924 3263 solens
942 3214 968 3263 Ε

91 3277 144 3330 328
163 3279 211 3342 qui
228 3277 304 3329 bella
320 3278 346 3328 Ε
368 3279 392 3329 si
407 3279 435 3330 b.
452 3281 478 3329 A
513 3276 525 3346 {l
560 3282 610 3330 323
627 3282 792 3344 patruumA
815 3285 924 3345 patrum
942 3279 968 3328 Ε

92 3350 144 3398 333
163 3346 263 3397 occule
280 3348 322 3398 uel
338 3346 418 3396 oculo
431 3348 458 3398 A
480 3346 591 3398 occules
609 3349 635 3398 Ε
658 3344 670 3415 ll
693 3350 743 3400 335
763 3347 869 3399 claudit
886 3348 912 3397 A
936 3346 1012 3396 clau·

92 3414 140 3464 (let
159 3427 174 3464 ε
197 3415 209 3481 ΙΙ
233 3413 377 3465 CHORVS
396 3414 447 3465 ΕΑ
471 3412 483 3482 Η
506 3417 641 3467 336-338
659 3418 723 3467 eieci
734 3417 766 3467 ab
778 3417 826 3466 laec
838 3418 893 3466 loco
906 3415 1011 3466 alienos.

96 3483 194 3532 Verum
215 3482 312 3532 initium
329 3485 449 3532 carminis
467 3483 598 3549 abreptum
616 3501 672 3535 esse
694 3486 818 3549 suspicor.
849 3479 861 3548 Η
